customer,invoice,date,so,revenue,gp
NEWYO044,6013317007970,07/28/2017,3004311701439,75167.25,0.00
NEWYO044,6013317007970,07/28/2017,3004311701439,-75167.25,0.00
NEWYO044,6013317007970,07/28/2017,3004311701439,0.00,0.00
NEWYO044,6013317008186,07/28/2017,3004311701439,0.00,0.00
NEWYO044,6013317008186,07/28/2017,3004311701439,0.00,0.00
NYULA002,6013317008171,07/31/2017,3004311701858,145833.33,14583.33
NYULA002,6013317008171,07/31/2017,3004311701858,8666.67,866.67
NYULA002,6013317008171,07/31/2017,3004311701858,23175.00,2317.50
NYULA002,6013317008171,07/31/2017,3004311701858,0.00,0.00
MUSEU005,6023317003479,07/31/2017,3004311702099,275.00,99.84
NYULA002,6023317003258,07/26/2017,3004311702137,16530.00,4959.00
NYULA002,6023317003258,07/26/2017,3004311702137,0.00,0.00
MUSEU005,6013317005914,07/05/2017,3004311702395,14.81,2.86
MUSEU005,6013317005914,07/05/2017,3004311702395,0.00,0.00
MSGSP001,6013317007500,07/11/2017,3004311702560,89.10,9.90
MSGSP001,6013317007500,07/11/2017,3004311702560,89.10,9.90
MSGSP001,6013317007500,07/11/2017,3004311702560,89.10,9.90
MSGSP001,6013317007500,07/11/2017,3004311702560,89.10,9.90
MSGSP001,6013317007500,07/11/2017,3004311702560,22.12,2.46
MSGSP001,6013317007500,07/11/2017,3004311702560,359.10,39.90
MSGSP001,6013317007500,07/11/2017,3004311702560,316.01,35.11
MSGSP001,6013317007500,07/11/2017,3004311702560,0.00,0.00
MSGSP001,6013317007150,07/05/2017,3004311702882,4405.10,629.30
MSGSP001,6013317007150,07/05/2017,3004311702882,102.47,14.64
NEWYO008,6023317003505,07/31/2017,3004311703060,47400.00,23700.00
MSGSP001,6013317007691,07/18/2017,3004311703077,13545.60,1625.60
MSGSP001,6013317007691,07/18/2017,3004311703077,245.30,29.44
SANDO003,6013317007281,07/09/2017,3004311703096,7107.00,618.00
SANDO003,6013317007281,07/09/2017,3004311703096,98.67,8.58
MIZUH003,6013317007285,07/09/2017,3004311703282,966.15,110.67
MIZUH003,6013317007285,07/09/2017,3004311703282,166.46,19.07
MIZUH003,6013317007285,07/09/2017,3004311703282,10.77,1.23
MSGSP001,6013317007643,07/18/2017,3004311703417,4598.40,557.08
MSGSP001,6013317007643,07/18/2017,3004311703417,495.28,60.00
MSGSP001,6013317007643,07/18/2017,3004311703417,44.97,5.45
NEWYO044,6013317007580,07/14/2017,3004311703498,0.00,0.00
NEWYO044,6013317007580,07/14/2017,3004311703498,0.00,0.00
NEWYO008,6013317008246,07/31/2017,3004311703762,23305.00,1984.10
NEWYO008,6013317008246,07/31/2017,3004311703762,123900.00,10548.38
NEWYO008,6013317008246,07/31/2017,3004311703762,17700.00,1506.91
NEWYO008,6013317008246,07/31/2017,3004311703762,26200.00,2230.57
NEWYO008,6013317008246,07/31/2017,3004311703762,94990.00,8087.09
NEWYO008,6013317008246,07/31/2017,3004311703762,7743.96,659.29
NEWYO008,6013317008246,07/31/2017,3004311703762,2212.56,188.37
NEWYO008,6013317008246,07/31/2017,3004311703762,0.00,0.00
BNPPA002,6013317007877,07/24/2017,3004311703772,1400.00,120.00
BNPPA002,6013317007877,07/24/2017,3004311703772,350.00,30.00
BNPPA002,6013317007877,07/24/2017,3004311703772,0.00,0.00
BNPPA002,6013317008067,07/28/2017,3004311703772,20993.00,1799.40
BNPPA002,6013317008067,07/28/2017,3004311703772,77.53,6.65
MIZUH003,6013317008079,07/28/2017,3004311703914,239.40,29.07
MIZUH003,6013317008079,07/28/2017,3004311703914,0.00,0.00
MIZUH003,6013317008107,07/28/2017,3004311703914,54.12,6.57
MIZUH003,6013317008107,07/28/2017,3004311703914,0.00,0.00
MIZUH003,6013317008198,07/31/2017,3004311703997,4446.00,655.02
MIZUH003,6013317008198,07/31/2017,3004311703997,11.12,1.64
BNPPA002,6013317008905,08/16/2017,3004311703778,2380.00,204.00
BNPPA002,6013317009236,08/23/2017,3004311703777,34650.00,2970.00
BNPPA002,6013317008262,08/01/2017,3004311703773,33600.00,2880.00
BNPPA002,6013317008262,08/01/2017,3004311703773,117600.00,10080.00
BNPPA002,6013317008262,08/01/2017,3004311703773,1050.00,90.00
BNPPA002,6013317008360,08/02/2017,3004311703776,63000.00,5400.00
BNPPA002,6013317008905,08/16/2017,3004311703778,11200.00,960.00
BNPPA002,6013317008905,08/16/2017,3004311703778,39200.00,3360.00
BNPPA002,6013317008905,08/16/2017,3004311703778,1540.00,132.00
BNPPA002,6013317008905,08/16/2017,3004311703778,770.00,66.00
BNPPA002,6013317008905,08/16/2017,3004311703778,560.00,48.00
BNPPA002,6013317008905,08/16/2017,3004311703778,350.00,30.00
BNPPA002,6013317008905,08/16/2017,3004311703778,14700.00,1260.00
BNPPA002,6013317009396,08/25/2017,3004311704330,1800.00,171.27
BNPPA002,6013317009396,08/25/2017,3004311704330,1650.00,157.00
BNPPA002,6013317009396,08/25/2017,3004311704330,17400.00,1655.63
BNPPA002,6013317008905,08/16/2017,3004311703778,1610.00,138.00
BNPPA002,6013317008262,08/01/2017,3004311703773,33600.00,2880.00
BNPPA002,6013317008905,08/16/2017,3004311703778,1400.00,120.00
BNPPA002,6013317008905,08/16/2017,3004311703778,11200.00,960.00
BNPPA002,6013317009447,08/27/2017,3004311704330,1753.60,166.86
BNPPA002,6023317003614,08/14/2017,3004311703011,2575.00,772.50
BNPPA002,6013317008262,08/01/2017,3004311703773,541.49,46.41
BNPPA002,6013317008360,08/02/2017,3004311703776,173.93,14.91
BNPPA002,6013317008905,08/16/2017,3004311703778,270.20,23.16
BNPPA002,6013317009236,08/23/2017,3004311703777,392.78,33.67
BNPPA002,6013317009396,08/25/2017,3004311704330,52.84,5.03
BNPPA002,6013317009447,08/27/2017,3004311704330,0.00,0.00
LACOS001,6013317009308,08/24/2017,3004311704347,605.25,67.25
LACOS001,6013317009632,08/31/2017,3004311704485,9416.25,1046.25
LACOS001,6013317009632,08/31/2017,3004311704485,1687.50,187.50
LACOS001,6013317009632,08/31/2017,3004311704485,1350.00,150.00
LACOS001,6013317009444,08/27/2017,3004311704485,4725.00,525.00
LACOS001,6013317009632,08/31/2017,3004311704485,2700.00,300.00
LACOS001,6013317008638,08/07/2017,3004311704129,33815.82,1556.75
LACOS001,6013317008638,08/07/2017,3004311704129,7862.15,361.94
LACOS001,6013317008638,08/07/2017,3004311704129,553.71,25.49
LACOS001,6013317008725,08/08/2017,3004311704129,3174.40,146.14
LACOS001,6013317009308,08/24/2017,3004311704347,24.82,2.76
LACOS001,6013317009444,08/27/2017,3004311704485,0.00,0.00
LACOS001,6013317009632,08/31/2017,3004311704485,196.37,21.82
LACOS001,6013317008638,08/07/2017,3004311704129,0.00,0.00
LACOS001,6013317008725,08/08/2017,3004311704129,0.00,0.00
MSGSP001,6013317009670,08/30/2017,3004311703947,98277.00,15816.01
MSGSP001,6013317008324,08/04/2017,3004311702350,179.10,24.91
MSGSP001,6013317008324,08/04/2017,3004311702350,139.10,19.35
MSGSP001,6013317008387,08/04/2017,3004311702560,89.10,9.90
MSGSP001,6013317008387,08/04/2017,3004311702560,89.10,9.90
MSGSP001,6013317008387,08/04/2017,3004311702560,89.10,9.90
MSGSP001,6013317008387,08/04/2017,3004311702560,89.10,9.90
MSGSP001,6013317008501,08/04/2017,3004311702560,179.10,19.90
MSGSP001,6013317008501,08/04/2017,3004311702560,179.10,19.90
MSGSP001,6013317008501,08/04/2017,3004311702560,179.10,19.90
MSGSP001,6013317008501,08/04/2017,3004311702560,179.10,19.90
MSGSP001,6013317008501,08/04/2017,3004311702560,179.10,19.90
MSGSP001,6013317008501,08/04/2017,3004311702560,179.10,19.90
MSGSP001,6013317008501,08/04/2017,3004311702560,56.49,6.28
MSGSP001,6013317008501,08/04/2017,3004311702560,50.85,5.65
MSGSP001,6013317008501,08/04/2017,3004311702560,56.49,6.28
MSGSP001,6013317008501,08/04/2017,3004311702560,56.49,6.28
MSGSP001,6013317008501,08/04/2017,3004311702560,50.85,5.65
MSGSP001,6013317008501,08/04/2017,3004311702560,50.85,5.65
MSGSP001,6013317008501,08/04/2017,3004311702560,359.10,39.90
MSGSP001,6013317008559,08/04/2017,3004311702350,89.10,12.39
MSGSP001,6013317008559,08/04/2017,3004311702350,68.10,9.47
MSGSP001,6013317009664,08/31/2017,3004311703976,575027.57,68021.98
MSGSP001,6013317008324,08/04/2017,3004311702350,0.00,0.00
MSGSP001,6013317008387,08/04/2017,3004311702560,0.00,0.00
MSGSP001,6013317008501,08/04/2017,3004311702560,0.00,0.00
MSGSP001,6013317008559,08/04/2017,3004311702350,0.00,0.00
MSGSP001,6013317009670,08/30/2017,3004311703947,9.68,1.56
MSGSP001,6013317009664,08/31/2017,3004311703976,0.00,0.00
MIZUH003,6013317009688,08/31/2017,3004311703997,322.00,47.44
MIZUH003,6013317008432,08/02/2017,3004311703914,11.40,1.38
MIZUH003,6013317008432,08/02/2017,3004311703914,51.30,6.23
MIZUH003,6013317008535,08/06/2017,3004311703914,1704.30,206.98
MIZUH003,6013317008627,08/08/2017,3004311703914,399.00,48.46
MIZUH003,6013317008928,08/16/2017,3004311704134,3277.50,402.50
MIZUH003,6013317008421,08/04/2017,3004311700091,1501.50,342.15
MIZUH003,6013317008432,08/02/2017,3004311703914,22.84,2.77
MIZUH003,6013317008535,08/06/2017,3004311703914,20.99,2.55
MIZUH003,6013317008627,08/08/2017,3004311703914,15.22,1.85
MIZUH003,6013317008928,08/16/2017,3004311704134,51.84,6.37
MIZUH003,6013317009688,08/31/2017,3004311703997,10.78,1.59
MIZUH003,6013317008421,08/04/2017,3004311700091,0.00,0.00
MUSEU005,6013317009633,08/31/2017,3004311704519,852.15,104.65
MUSEU005,6013317008446,08/02/2017,3004311704023,1134.40,131.97
MUSEU005,6013317008446,08/02/2017,3004311704023,338.40,39.37
MUSEU005,6013317008446,08/02/2017,3004311704023,0.00,0.00
MUSEU005,6013317009633,08/31/2017,3004311704519,9.68,1.19
NASSA017,6013317008757,08/09/2017,3004311704166,19718.30,1408.45
NASSA017,6013317009016,08/17/2017,3004311704279,3519.87,1130.22
NASSA017,6013317009016,08/17/2017,3004311704279,18681.44,5998.58
NASSA017,6013317008757,08/09/2017,3004311704166,0.00,0.00
NASSA017,6013317009016,08/17/2017,3004311704279,0.00,0.00
NEWYO008,6013317009663,08/31/2017,3004311703963,364199.58,47298.70
NEWYO008,6023317003848,08/30/2017,3004311703060,24225.00,12112.50
NEWYO008,6023317003935,08/31/2017,3004311703060,4800.00,2400.00
NEWYO008,6013317009663,08/31/2017,3004311703963,0.00,0.00
BELLE002,6013317008569,08/06/2017,3004311703716,479.20,47.92
BELLE002,6013317008569,08/06/2017,3004311703716,48.00,4.80
BELLE002,6013317008569,08/06/2017,3004311703716,22360.00,2236.00
BELLE002,6013317008569,08/06/2017,3004311703716,0.00,0.00
NEWYO044,6013317008538,08/06/2017,3004311703955,140.00,14.00
NEWYO044,6013317008741,08/10/2017,3004311703955,598.00,59.80
NEWYO044,6013317009630,08/31/2017,3004311704478,598.00,59.80
NEWYO044,6013317009630,08/31/2017,3004311704478,140.00,14.00
NEWYO044,6013317009104,08/18/2017,3004311704195,0.00,-23976.00
NEWYO044,6013317008538,08/06/2017,3004311703955,0.00,0.00
NEWYO044,6013317008741,08/10/2017,3004311703955,0.00,0.00
NEWYO044,6013317009104,08/18/2017,3004311704195,0.00,-849.97
NEWYO044,6013317009630,08/31/2017,3004311704478,0.00,0.00
THOMS007,6023317004107,09/28/2017,3004311511889,11562.50,3468.75
THOMS007,6023317004106,09/28/2017,3004311600393,59665.25,17899.58
MARSH010,6023317004128,09/29/2017,3004311606325,37444.50,11233.35
MUSEU005,6023317004021,09/12/2017,3004311606375,15801.05,4740.32
MIZUH003,6013317009792,09/04/2017,3004311700091,1501.50,342.15
MIZUH003,6013317009792,09/04/2017,3004311700091,0.00,0.00
MUSEU005,6023317004280,09/30/2017,3004311702099,1512.50,549.10
NYULA002,6023317004011,09/12/2017,3004311702137,16530.00,4959.00
NYULA002,6023317004011,09/12/2017,3004311702137,0.00,0.00
MSGSP001,6013317009768,09/04/2017,3004311702350,89.10,12.39
MSGSP001,6013317009768,09/04/2017,3004311702350,179.10,24.91
MSGSP001,6013317009768,09/04/2017,3004311702350,0.00,0.00
MSGSP001,6013317009772,09/04/2017,3004311702560,89.10,9.90
MSGSP001,6013317009772,09/04/2017,3004311702560,89.10,9.90
MSGSP001,6013317009772,09/04/2017,3004311702560,89.10,9.90
MSGSP001,6013317009772,09/04/2017,3004311702560,89.10,9.90
MSGSP001,6013317009772,09/04/2017,3004311702560,0.00,0.00
MSGSP001,6013317010926,09/30/2017,3004311702560,359.10,39.90
MSGSP001,6013317010926,09/30/2017,3004311702560,179.10,19.90
MSGSP001,6013317010926,09/30/2017,3004311702560,179.10,19.90
MSGSP001,6013317010926,09/30/2017,3004311702560,179.10,19.90
MSGSP001,6013317010926,09/30/2017,3004311702560,179.10,19.90
MSGSP001,6013317010926,09/30/2017,3004311702560,179.10,19.90
MSGSP001,6013317010926,09/30/2017,3004311702560,179.10,19.90
MSGSP001,6013317010926,09/30/2017,3004311702560,179.10,19.90
MSGSP001,6013317010926,09/30/2017,3004311702560,62.14,6.90
MSGSP001,6013317010926,09/30/2017,3004311702560,0.00,0.00
NEWYO008,6023317004463,09/30/2017,3004311703060,25200.00,12600.00
NEWYO008,6013317010575,09/20/2017,3004311703514,769.92,74.75
NEWYO008,6013317010575,09/20/2017,3004311703514,0.00,0.00
BNPPA002,6023317004209,09/30/2017,3004311703672,1575.00,835.27
MUSEU005,6013317010554,09/25/2017,3004311704147,13275.00,1694.86
MUSEU005,6013317010554,09/25/2017,3004311704147,14217.00,1815.13
MUSEU005,6013317010554,09/25/2017,3004311704147,0.00,0.00
NEWYO044,6013317009827,09/04/2017,3004311704195,0.00,0.00
NEWYO044,6013317009827,09/04/2017,3004311704195,0.00,0.00
NEWYO044,6013317010038,09/14/2017,3004311704195,0.00,0.00
NEWYO044,6013317010038,09/14/2017,3004311704195,0.00,0.00
NEWYO044,6013317010038,09/14/2017,3004311704195,0.00,0.00
LACOS001,6013317009856,09/06/2017,3004311704347,1035.00,115.00
LACOS001,6013317009856,09/06/2017,3004311704347,42.44,4.72
BNPPA002,6013317010687,09/26/2017,3004311704358,7480.00,1060.03
BNPPA002,6013317010687,09/26/2017,3004311704358,2420.00,342.95
BNPPA002,6013317010687,09/26/2017,3004311704358,880.00,124.71
BNPPA002,6013317010687,09/26/2017,3004311704358,23100.00,3273.63
BNPPA002,6013317010687,09/26/2017,3004311704358,2530.00,358.54
BNPPA002,6013317010687,09/26/2017,3004311704358,2200.00,311.77
BNPPA002,6013317010687,09/26/2017,3004311704358,62.85,8.91
BNPPA002,6013317010724,09/26/2017,3004311704358,3460.80,490.45
BNPPA002,6013317010724,09/26/2017,3004311704358,0.00,0.00
LACOS001,6013317010061,09/14/2017,3004311704443,1380.00,471.88
LACOS001,6013317010061,09/14/2017,3004311704443,21.43,7.33
NEWYO044,6013317009868,09/06/2017,3004311704465,0.00,0.00
NEWYO044,6013317009868,09/06/2017,3004311704465,0.00,0.00
BNPPA002,6013317009956,09/10/2017,3004311704472,72000.00,8659.27
BNPPA002,6013317009956,09/10/2017,3004311704472,178.04,21.41
BNPPA002,6013317010114,09/12/2017,3004311704472,5746.56,691.13
BNPPA002,6013317010114,09/12/2017,3004311704472,0.00,0.00
LACOS001,6013317010014,09/11/2017,3004311704485,7053.75,783.75
LACOS001,6013317010014,09/11/2017,3004311704485,148.96,16.55
LACOS001,6013317010361,09/19/2017,3004311704485,9382.50,1042.50
LACOS001,6013317010361,09/19/2017,3004311704485,115.18,12.80
LACOS001,6013317010429,09/20/2017,3004311704486,1351.50,127.20
LACOS001,6013317010429,09/20/2017,3004311704486,675.75,63.60
LACOS001,6013317010429,09/20/2017,3004311704486,1287.75,121.20
LACOS001,6013317010429,09/20/2017,3004311704486,1147.50,108.00
LACOS001,6013317010429,09/20/2017,3004311704486,0.00,0.00
NEWYO044,6013317009887,09/05/2017,3004311704525,1600.00,160.00
NEWYO044,6013317009887,09/05/2017,3004311704525,200.00,20.00
NEWYO044,6013317009887,09/05/2017,3004311704525,0.00,0.00
BNPPA002,6013317009891,09/06/2017,3004311704563,60000.00,6774.37
BNPPA002,6013317009891,09/06/2017,3004311704563,112.93,12.75
BNPPA002,6013317010025,09/07/2017,3004311704563,4788.80,540.68
BNPPA002,6013317010025,09/07/2017,3004311704563,0.00,0.00
NEWYO044,6013317009963,09/08/2017,3004311704610,880.00,88.00
NEWYO044,6013317009963,09/08/2017,3004311704610,0.00,0.00
BNPPA002,6013317009805,09/05/2017,3004311704627,1657.50,228.48
BNPPA002,6013317009805,09/05/2017,3004311704627,410.00,56.52
BNPPA002,6013317009805,09/05/2017,3004311704627,0.00,0.00
NEWYO044,6013317009904,09/06/2017,3004311704645,111280.00,14288.00
NEWYO044,6013317009904,09/06/2017,3004311704645,0.00,0.00
NYULA002,6023317004134,09/29/2017,3004311704682,16086.66,633.33
MUSEU005,6013317010083,09/07/2017,3004311704685,161123.50,11650.87
MUSEU005,6013317010083,09/07/2017,3004311704685,7662.56,554.08
MUSEU005,6013317010083,09/07/2017,3004311704685,157.89,11.42
MUSEU005,6013317010083,09/07/2017,3004311704685,0.00,0.00
LACOS001,6023317004269,09/30/2017,3004311704725,100.00,34.89
MIZUH003,6013317010393,09/15/2017,3004311704845,92.00,34.08
MIZUH003,6013317010393,09/15/2017,3004311704845,9.85,3.65
LACOS001,6013317010347,09/18/2017,3004311704853,472.50,51.91
LACOS001,6013317010347,09/18/2017,3004311704853,0.00,0.00
LACOS001,6013317010648,09/22/2017,3004311704853,51.75,5.69
LACOS001,6013317010648,09/22/2017,3004311704853,7.04,0.77
LACOS001,6013317010735,09/27/2017,3004311704853,1122.75,123.35
LACOS001,6013317010735,09/27/2017,3004311704853,134.30,14.76
LACOS001,6013317010735,09/27/2017,3004311704853,16.04,1.76
LACOS001,6013317010775,09/28/2017,3004311704853,1343.25,147.58
LACOS001,6013317010775,09/28/2017,3004311704853,102.00,11.21
LACOS001,6013317010775,09/28/2017,3004311704853,16.04,1.76
MSGSP001,6013317010621,09/23/2017,3004311704883,432.00,53.69
MSGSP001,6013317010621,09/23/2017,3004311704883,12.43,1.54
MSGSP001,6013317010741,09/27/2017,3004311704883,9763.20,1213.46
MSGSP001,6013317010741,09/27/2017,3004311704883,1091.40,135.65
MSGSP001,6013317010741,09/27/2017,3004311704883,124.70,15.50
MSGSP001,6013317010479,09/20/2017,3004311704898,408.66,72.66
MSGSP001,6013317010479,09/20/2017,3004311704898,119.42,21.23
ITGIN001,6013317010657,09/23/2017,3004311704919,1741.29,261.09
ITGIN001,6013317010657,09/23/2017,3004311704919,1741.29,261.09
ITGIN001,6013317010657,09/23/2017,3004311704919,1803.18,270.37
ITGIN001,6013317010657,09/23/2017,3004311704919,243.26,36.47
ITGIN001,6013317010657,09/23/2017,3004311704919,0.00,0.00
OCHZI001,6013317010913,09/30/2017,3004311705056,-3271.00,-58.56
OCHZI001,6013317010913,09/30/2017,3004311705056,7920.00,141.78
OCHZI001,6013317010913,09/30/2017,3004311705056,5350.00,95.77
OCHZI001,6013317010913,09/30/2017,3004311705056,0.00,0.00
NYULA002,6013317010789,09/28/2017,3004311705058,10080.00,1200.00
NYULA002,6013317010789,09/28/2017,3004311705058,0.00,0.00
NEWYO044,6013317010850,09/29/2017,3004311705092,0.00,0.00
NEWYO044,6013317010850,09/29/2017,3004311705092,0.00,0.00
MUSEU005,6023317004495,10/09/2017,3004311602920,12588.73,3776.62
MUSEU005,6023317004495,10/09/2017,3004311602920,0.00,0.00
MIZUH003,6013317011023,10/04/2017,3004311700091,1501.50,342.15
MIZUH003,6013317011023,10/04/2017,3004311700091,0.00,0.00
MUSEU005,6023317004732,10/31/2017,3004311702099,787.50,285.90
MSGSP001,6013317011019,10/04/2017,3004311702350,179.10,24.91
MSGSP001,6013317011019,10/04/2017,3004311702350,89.10,12.39
MSGSP001,6013317011019,10/04/2017,3004311702350,0.00,0.00
MSGSP001,6013317011008,10/04/2017,3004311702560,179.10,19.57
MSGSP001,6013317011008,10/04/2017,3004311702560,179.10,19.57
MSGSP001,6013317011008,10/04/2017,3004311702560,179.10,19.57
MSGSP001,6013317011008,10/04/2017,3004311702560,179.10,19.57
MSGSP001,6013317011008,10/04/2017,3004311702560,179.10,19.57
MSGSP001,6013317011008,10/04/2017,3004311702560,179.10,19.57
MSGSP001,6013317011008,10/04/2017,3004311702560,179.10,19.57
MSGSP001,6013317011008,10/04/2017,3004311702560,89.10,9.74
MSGSP001,6013317011008,10/04/2017,3004311702560,89.10,9.74
MSGSP001,6013317011008,10/04/2017,3004311702560,89.10,9.74
MSGSP001,6013317011008,10/04/2017,3004311702560,89.10,9.74
MSGSP001,6013317011008,10/04/2017,3004311702560,359.10,39.24
MSGSP001,6013317011008,10/04/2017,3004311702560,0.00,0.00
NEWYO008,6023317004739,10/31/2017,3004311703060,18225.00,9112.50
NEWYO008,6023317004959,10/31/2017,3004311703060,6000.00,3000.00
THOMS007,6043317700119,10/31/2017,3004311703791,10628.51,3791.75
THOMS007,6043317700119,10/31/2017,3004311703791,0.00,0.00
THOMS007,6043317700119,10/31/2017,3004311703791,25193.77,8987.96
MSGSP001,6013317010971,10/04/2017,3004311703947,54432.00,8759.90
MSGSP001,6013317010971,10/04/2017,3004311703947,57963.60,9328.26
MSGSP001,6013317010971,10/04/2017,3004311703947,0.00,0.00
MSGSP001,6013317011051,10/03/2017,3004311703947,4800.00,772.48
MSGSP001,6013317011051,10/03/2017,3004311703947,9600.00,1544.96
MSGSP001,6013317011051,10/03/2017,3004311703947,3600.00,579.36
MSGSP001,6013317011051,10/03/2017,3004311703947,8400.00,1351.84
MSGSP001,6013317011051,10/03/2017,3004311703947,8400.00,1351.84
MSGSP001,6013317011051,10/03/2017,3004311703947,4200.00,675.92
MSGSP001,6013317011051,10/03/2017,3004311703947,5400.00,869.04
MSGSP001,6013317011051,10/03/2017,3004311703947,5400.00,869.04
MSGSP001,6013317011051,10/03/2017,3004311703947,5400.00,869.04
MSGSP001,6013317011051,10/03/2017,3004311703947,5400.00,869.04
MSGSP001,6013317011051,10/03/2017,3004311703947,5400.00,869.04
MSGSP001,6013317011051,10/03/2017,3004311703947,5400.00,869.04
MSGSP001,6013317011051,10/03/2017,3004311703947,2700.00,434.52
MSGSP001,6013317011051,10/03/2017,3004311703947,2700.00,434.52
MSGSP001,6013317011051,10/03/2017,3004311703947,2700.00,434.52
MSGSP001,6013317011051,10/03/2017,3004311703947,17040.00,2742.30
MSGSP001,6013317011051,10/03/2017,3004311703947,9840.00,1583.58
MSGSP001,6013317011051,10/03/2017,3004311703947,4920.00,791.79
MSGSP001,6013317011051,10/03/2017,3004311703947,12096.00,1946.65
MSGSP001,6013317011051,10/03/2017,3004311703947,12096.00,1946.65
MSGSP001,6013317011051,10/03/2017,3004311703947,6048.00,973.32
MSGSP001,6013317011051,10/03/2017,3004311703947,12880.80,2072.95
MSGSP001,6013317011051,10/03/2017,3004311703947,7437.60,1196.96
MSGSP001,6013317011051,10/03/2017,3004311703947,3718.80,598.48
MSGSP001,6013317011051,10/03/2017,3004311703947,1081.67,174.08
MSGSP001,6013317011087,10/04/2017,3004311703947,32400.00,5214.23
MSGSP001,6013317011087,10/04/2017,3004311703947,4800.00,772.48
MSGSP001,6013317011087,10/04/2017,3004311703947,37800.00,6083.27
MSGSP001,6013317011087,10/04/2017,3004311703947,8400.00,1351.84
MSGSP001,6013317011087,10/04/2017,3004311703947,24300.00,3910.67
MSGSP001,6013317011087,10/04/2017,3004311703947,24300.00,3910.67
MSGSP001,6013317011087,10/04/2017,3004311703947,24300.00,3910.67
MSGSP001,6013317011087,10/04/2017,3004311703947,5400.00,869.04
MSGSP001,6013317011087,10/04/2017,3004311703947,5400.00,869.04
MSGSP001,6013317011087,10/04/2017,3004311703947,76680.00,12340.34
MSGSP001,6013317011087,10/04/2017,3004311703947,9840.00,1583.58
MSGSP001,6013317011087,10/04/2017,3004311703947,12096.00,1946.65
MSGSP001,6013317011087,10/04/2017,3004311703947,7437.60,1196.96
MSGSP001,6013317011087,10/04/2017,3004311703947,1821.57,293.15
MSGSP001,6013317011237,10/08/2017,3004311703947,21600.00,3476.15
MSGSP001,6013317011237,10/08/2017,3004311703947,25200.00,4055.51
MSGSP001,6013317011237,10/08/2017,3004311703947,16200.00,2607.11
MSGSP001,6013317011237,10/08/2017,3004311703947,16200.00,2607.11
MSGSP001,6013317011237,10/08/2017,3004311703947,51120.00,8226.89
MSGSP001,6013317011237,10/08/2017,3004311703947,36288.00,5839.94
MSGSP001,6013317011237,10/08/2017,3004311703947,38642.40,6218.84
MSGSP001,6013317011237,10/08/2017,3004311703947,915.88,147.40
MSGSP001,6013317011329,10/12/2017,3004311703947,12000.00,1931.20
MSGSP001,6013317011329,10/12/2017,3004311703947,21000.00,3379.59
MSGSP001,6013317011329,10/12/2017,3004311703947,13500.00,2172.60
MSGSP001,6013317011329,10/12/2017,3004311703947,14760.00,2375.37
MSGSP001,6013317011329,10/12/2017,3004311703947,9840.00,1583.58
MSGSP001,6013317011329,10/12/2017,3004311703947,30240.00,4866.61
MSGSP001,6013317011329,10/12/2017,3004311703947,18594.00,2992.39
MSGSP001,6013317011329,10/12/2017,3004311703947,788.01,126.82
MSGSP001,6013317011667,10/18/2017,3004311703947,28800.00,4634.87
MSGSP001,6013317011667,10/18/2017,3004311703947,25200.00,4055.51
MSGSP001,6013317011667,10/18/2017,3004311703947,16200.00,2607.11
MSGSP001,6013317011667,10/18/2017,3004311703947,16200.00,2607.11
MSGSP001,6013317011667,10/18/2017,3004311703947,16200.00,2607.11
MSGSP001,6013317011667,10/18/2017,3004311703947,16200.00,2607.11
MSGSP001,6013317011667,10/18/2017,3004311703947,16200.00,2607.11
MSGSP001,6013317011667,10/18/2017,3004311703947,51120.00,8226.89
MSGSP001,6013317011667,10/18/2017,3004311703947,36288.00,5839.94
MSGSP001,6013317011667,10/18/2017,3004311703947,38642.40,6218.84
MSGSP001,6013317011667,10/18/2017,3004311703947,1055.97,169.94
NYULA002,6023317004926,10/31/2017,3004311704290,15700.00,5024.00
LACOS001,6013317011198,10/10/2017,3004311704347,1165.50,129.50
LACOS001,6013317011198,10/10/2017,3004311704347,47.74,5.30
LACOS001,6013317011562,10/19/2017,3004311704443,110.00,41.72
LACOS001,6013317011562,10/19/2017,3004311704443,0.00,0.00
NYULA002,6023317004556,10/24/2017,3004311704682,16086.66,633.33
LACOS001,6023317004957,10/31/2017,3004311704725,14497.50,5057.72
THOMS007,6023317004590,10/31/2017,3004311704901,4864.80,1556.74
MUSEU005,6023317004733,10/31/2017,3004311705014,2150.00,884.56
MUSEU005,6013317011174,10/05/2017,3004311705160,2280.00,280.00
MUSEU005,6013317011174,10/05/2017,3004311705160,0.00,0.00
NEWYO008,6013317011762,10/24/2017,3004311705427,10800.40,1136.89
NEWYO008,6013317011762,10/24/2017,3004311705427,11180.00,1176.85
NEWYO008,6013317011762,10/24/2017,3004311705427,23592.90,2483.47
NEWYO008,6013317011762,10/24/2017,3004311705427,5171.90,544.41
NEWYO008,6013317011762,10/24/2017,3004311705427,10343.80,1088.83
NEWYO008,6013317011762,10/24/2017,3004311705427,0.00,0.00
BNPPA002,6013317011981,10/31/2017,3004311705428,13788.50,1253.50
BNPPA002,6013317011981,10/31/2017,3004311705428,7.22,0.66
THOMS007,6023317004978,11/12/2017,29501131,5179.19,1553.76
THOMS007,6023317004978,11/12/2017,29501131,0.00,0.00
MIZUH003,6013317012240,11/05/2017,3004311700091,1501.50,346.50
MIZUH003,6013317012240,11/05/2017,3004311700091,0.00,0.00
MUSEU005,6023317005153,11/30/2017,3004311701125,100.00,34.89
MSGSP001,6013317012237,11/05/2017,3004311702350,179.10,19.90
MSGSP001,6013317012237,11/05/2017,3004311702350,89.10,9.90
MSGSP001,6013317012237,11/05/2017,3004311702350,0.00,0.00
MSGSP001,6013317012108,11/05/2017,3004311702560,179.10,19.90
MSGSP001,6013317012108,11/05/2017,3004311702560,179.10,19.90
MSGSP001,6013317012108,11/05/2017,3004311702560,179.10,19.90
MSGSP001,6013317012108,11/05/2017,3004311702560,179.10,19.90
MSGSP001,6013317012108,11/05/2017,3004311702560,179.10,19.90
MSGSP001,6013317012108,11/05/2017,3004311702560,179.10,19.90
MSGSP001,6013317012108,11/05/2017,3004311702560,179.10,19.90
MSGSP001,6013317012108,11/05/2017,3004311702560,89.10,9.90
MSGSP001,6013317012108,11/05/2017,3004311702560,89.10,9.90
MSGSP001,6013317012108,11/05/2017,3004311702560,89.10,9.90
MSGSP001,6013317012108,11/05/2017,3004311702560,89.10,9.90
MSGSP001,6013317012108,11/05/2017,3004311702560,359.10,39.90
MSGSP001,6013317012108,11/05/2017,3004311702560,0.00,0.00
NEWYO008,6023317005199,11/30/2017,3004311703060,23700.00,11850.00
NEWYO008,6023317005223,11/30/2017,3004311704648,16800.00,6720.00
NEWYO008,6023317005221,11/30/2017,3004311704649,14835.20,4755.20
NYULA002,6023317005032,11/27/2017,3004311704682,16086.66,633.33
LACOS001,6023317004957CN,11/27/2017,3004311704725,-14497.50,-5057.72
LACOS001,6023317005406,11/30/2017,3004311704725,11057.50,3857.61
NEWYO008,6033317700485,11/10/2017,3004311705098,17513.75,5958.25
NEWYO008,6033317700485,11/10/2017,3004311705098,17513.75,5958.25
NEWYO008,6033317700485,11/10/2017,3004311705098,31930.83,10862.99
NEWYO008,6033317700485,11/10/2017,3004311705098,31930.83,10862.99
NEWYO008,6033317700485,11/10/2017,3004311705098,88757.62,30195.69
NEWYO008,6033317700485,11/10/2017,3004311705098,88757.62,30195.69
NEWYO008,6033317700507,11/29/2017,3004311705098,17513.75,5958.25
NEWYO008,6033317700507,11/29/2017,3004311705098,31930.83,10862.99
NEWYO008,6033317700507,11/29/2017,3004311705098,88757.62,30195.69
BNPPA002,6013317012398,11/09/2017,3004311705479,1915.20,194.04
BNPPA002,6013317012398,11/09/2017,3004311705479,135.30,13.71
BNPPA002,6013317012398,11/09/2017,3004311705479,22.37,2.27
MUSEU005,6013317012249,11/03/2017,3004311705485,2038.32,643.68
MUSEU005,6013317012249,11/03/2017,3004311705485,53.86,17.01
BNPPA002,6013317012947,11/24/2017,3004311705510,5382.00,598.00
BNPPA002,6013317012947,11/24/2017,3004311705510,58117.50,6457.50
BNPPA002,6013317012947,11/24/2017,3004311705510,30712.50,3412.50
BNPPA002,6013317012947,11/24/2017,3004311705510,756.00,84.00
BNPPA002,6013317012947,11/24/2017,3004311705510,601.80,66.87
BNPPA002,6013317012781,11/17/2017,3004311705609,6832.80,739.02
BNPPA002,6013317012781,11/17/2017,3004311705609,85800.00,9279.98
BNPPA002,6013317012781,11/17/2017,3004311705609,40560.00,4386.90
BNPPA002,6013317012781,11/17/2017,3004311705609,18720.00,2024.72
BNPPA002,6013317012781,11/17/2017,3004311705609,4552.64,492.41
BNPPA002,6013317012781,11/17/2017,3004311705609,344.20,37.23
BNPPA002,6013317012910,11/22/2017,3004311705664,7072.00,762.97
BNPPA002,6013317012910,11/22/2017,3004311705664,832.00,89.76
BNPPA002,6013317012910,11/22/2017,3004311705664,5124.60,552.87
BNPPA002,6013317012910,11/22/2017,3004311705664,2288.00,246.84
BNPPA002,6013317012910,11/22/2017,3004311705664,21840.00,2356.22
BNPPA002,6013317012910,11/22/2017,3004311705664,1170.00,126.23
BNPPA002,6013317012910,11/22/2017,3004311705664,64350.00,6942.45
BNPPA002,6013317012910,11/22/2017,3004311705664,2392.00,258.06
BNPPA002,6013317012910,11/22/2017,3004311705664,2080.00,224.40
BNPPA002,6013317012910,11/22/2017,3004311705664,30420.00,3281.88
BNPPA002,6013317012910,11/22/2017,3004311705664,14040.00,1514.72
BNPPA002,6013317012910,11/22/2017,3004311705664,2061.48,222.40
BNPPA002,6013317012910,11/22/2017,3004311705664,3478.44,375.27
BNPPA002,6013317012910,11/22/2017,3004311705664,939.93,101.41
NASSA017,6013317012373,11/08/2017,3004311705706,4793.20,611.90
NASSA017,6013317012373,11/08/2017,3004311705706,4793.20,611.90
NASSA017,6013317012373,11/08/2017,3004311705706,3674.60,469.10
NASSA017,6013317012373,11/08/2017,3004311705706,3674.60,469.10
NASSA017,6013317012373,11/08/2017,3004311705706,0.00,0.00
MUSEU005,6013317012581,11/14/2017,3004311705829,5000.00,1051.90
MUSEU005,6013317012581,11/14/2017,3004311705829,1542.50,324.51
MUSEU005,6013317012581,11/14/2017,3004311705829,0.00,0.00
MSGSP001,6013317012637,11/15/2017,3004311705833,1728.00,217.41
MSGSP001,6013317012637,11/15/2017,3004311705833,768.00,96.63
MSGSP001,6013317012637,11/15/2017,3004311705833,0.00,0.00
MSGSP001,6013317013032,11/22/2017,3004311705833,768.00,96.63
MSGSP001,6013317013032,11/22/2017,3004311705833,10560.00,1328.64
MSGSP001,6013317013032,11/22/2017,3004311705833,1769.70,222.66
MSGSP001,6013317013032,11/22/2017,3004311705833,47.77,6.01
MSGSP001,6013317013223,11/30/2017,3004311705833,3168.00,398.59
MSGSP001,6013317013223,11/30/2017,3004311705833,113.70,14.31
NYULA002,6013317012582,11/14/2017,3004311705835,12012.00,1404.00
NYULA002,6013317012582,11/14/2017,3004311705835,0.00,0.00
LACOS001,6013317012683,11/16/2017,3004311705842,2295.00,267.80
LACOS001,6013317012683,11/16/2017,3004311705842,10.00,1.17
LACOS001,6013317012642,11/15/2017,3004311705852,1035.00,115.00
LACOS001,6013317012642,11/15/2017,3004311705852,0.00,0.00
NEWYO008,6013317012643,11/15/2017,3004311705854,13742.80,1582.80
NEWYO008,6013317012643,11/15/2017,3004311705854,64.57,7.44
SANDO003,30033170000024,11/26/2017,3004311705893,29.34,2.66
SANDO003,30033170000024,11/26/2017,3004311705893,29.34,2.66
SANDO003,30033170000024,11/26/2017,3004311705893,64.00,5.79
SANDO003,30033170000024,11/26/2017,3004311705893,5.04,0.46
SANDO003,30033170000024,11/26/2017,3004311705893,6.72,0.61
SANDO003,30033170000024,11/26/2017,3004311705893,9.87,0.89
SANDO003,30033170000024,11/26/2017,3004311705893,414.00,37.48
SANDO003,30033170000024,11/26/2017,3004311705893,17.69,1.60
SANDO003,6013317012976,11/25/2017,3004311705893,1840.00,166.59
SANDO003,6013317012976,11/25/2017,3004311705893,1518.00,137.44
SANDO003,6013317012976,11/25/2017,3004311705893,3036.00,274.87
SANDO003,6013317012976,11/25/2017,3004311705893,245.65,22.24
SANDO003,6013317012976,11/25/2017,3004311705893,491.30,44.48
SANDO003,6013317012976,11/25/2017,3004311705893,49.21,4.46
ITGIN001,6023318000103,12/31/2017,29408016,0.00,-402.50
ITGIN001,6023317001590CN,12/13/2017,29408016,-562.50,-275.00
ITGIN001,6023317001939CN,12/13/2017,29408016,-225.00,-110.00
MIZUH003,6013317013574,12/04/2017,3004311700091,0.00,0.00
MIZUH003,6013317013574,12/04/2017,3004311700091,1501.50,342.15
MUSEU005,6023317005604,12/30/2017,3004311701125,100.00,-15.00
MSGSP001,6013317013555,12/04/2017,3004311702350,0.00,0.00
MSGSP001,6013317013555,12/04/2017,3004311702350,89.10,10.09
MSGSP001,6013317013555,12/04/2017,3004311702350,179.10,20.28
MSGSP001,6013317013570,12/04/2017,3004311702560,0.00,0.00
MSGSP001,6013317013570,12/04/2017,3004311702560,89.10,9.83
MSGSP001,6013317013570,12/04/2017,3004311702560,89.10,9.83
MSGSP001,6013317013570,12/04/2017,3004311702560,89.10,9.83
MSGSP001,6013317013570,12/04/2017,3004311702560,89.10,9.83
MSGSP001,6013317013570,12/04/2017,3004311702560,179.10,19.76
MSGSP001,6013317013570,12/04/2017,3004311702560,179.10,19.76
MSGSP001,6013317013570,12/04/2017,3004311702560,179.10,19.76
MSGSP001,6013317013570,12/04/2017,3004311702560,179.10,19.76
MSGSP001,6013317013570,12/04/2017,3004311702560,179.10,19.76
MSGSP001,6013317013570,12/04/2017,3004311702560,179.10,19.76
MSGSP001,6013317013570,12/04/2017,3004311702560,179.10,19.76
MSGSP001,6013317013570,12/04/2017,3004311702560,359.10,39.61
NYULA002,6023317005509,12/28/2017,3004311704290,15700.00,5024.00
NYULA002,6023317005510,12/28/2017,3004311704682,16086.66,633.33
NEWYO008,6033317700562,12/29/2017,3004311705098,17513.75,5924.39
NEWYO008,6033317700562,12/29/2017,3004311705098,31930.83,10801.27
NEWYO008,6033317700562,12/29/2017,3004311705098,88757.62,30024.11
THOMS007,6023318000158,12/31/2017,3004311705216,4900.00,833.00
BNPPA002,6013317013355,12/01/2017,3004311705507,220.50,24.50
BNPPA002,6013317013355,12/01/2017,3004311705507,850.50,94.50
BNPPA002,6013317013355,12/01/2017,3004311705507,906.46,100.72
BNPPA002,6013317013355,12/01/2017,3004311705507,6054.75,672.75
BNPPA002,6013317013355,12/01/2017,3004311705507,39048.75,4338.75
BNPPA002,6013317013355,12/01/2017,3004311705507,73892.25,8210.25
BNPPA002,6013317014301,12/27/2017,3004311705509,95.04,12.53
BNPPA002,6013317014301,12/27/2017,3004311705509,1478.91,195.02
BNPPA002,6013317014301,12/27/2017,3004311705509,2041.80,269.24
BNPPA002,6013317014301,12/27/2017,3004311705509,22944.00,3025.51
MUSEU005,6023317005603,12/30/2017,3004311705829,4800.00,1465.00
MSGSP001,6013317014068,12/20/2017,3004311705833,0.00,0.00
MSGSP001,6013317013363,12/01/2017,3004311705833,10.00,1.26
MSGSP001,6013317014006,12/19/2017,3004311705833,76.41,9.61
MSGSP001,6013317014006,12/19/2017,3004311705833,144.00,18.12
MSGSP001,6013317014068,12/20/2017,3004311705833,1830.90,230.36
MSGSP001,6013317014006,12/19/2017,3004311705833,2736.00,344.24
MSGSP001,6013317013363,12/01/2017,3004311705833,3168.00,398.59
MSGSP001,6013317014006,12/19/2017,3004311705833,3672.00,462.00
MSGSP001,6013317014006,12/19/2017,3004311705833,16747.20,2107.10
SANDO003,6013317013770,12/13/2017,3004311705893,0.00,0.00
SANDO003,6013317013653,12/08/2017,3004311705893,10.00,0.91
SANDO003,6013317013770,12/13/2017,3004311705893,101.15,9.16
SANDO003,6013317013653,12/08/2017,3004311705893,457.70,41.44
NEWYO008,6023318000221,12/31/2017,3004311705929,5550.00,2775.00
NEWYO008,6023317005612,12/30/2017,3004311705929,19200.00,9600.00
BNPPA002,6013317013378,12/01/2017,3004311706086,0.00,0.00
BNPPA002,6013317013378,12/01/2017,3004311706086,1899.92,119.83
BNPPA002,6013317013378,12/01/2017,3004311706086,10317.60,650.75
NEWYO008,6023318000108,12/31/2017,3004311706187,11700.00,5790.00
ITGIN001,6013317013721,12/12/2017,3004311706240,0.00,0.00
ITGIN001,6013317013721,12/12/2017,3004311706240,4409.76,793.76
COMME022,6013317013805,12/13/2017,3004311706295,0.00,0.00
COMME022,6013317013805,12/13/2017,3004311706295,52538.80,5253.88
LACOS001,6013317014362,12/28/2017,3004311706476,43.30,4.99
LACOS001,6013317014362,12/28/2017,3004311706476,448.80,51.72
LACOS001,6013317014362,12/28/2017,3004311706476,6723.00,774.84
MUSEU005,6013317014153,12/31/2017,3004311706491,-4200.00,-840.00
MUSEU005,6013317014153,12/31/2017,3004311706491,0.00,0.00
MUSEU005,6013317014153,12/31/2017,3004311706491,12000.00,2400.00
NEWYO008,6013317014313,12/26/2017,3004311706502,0.00,0.00
NEWYO008,6013317014313,12/26/2017,3004311706502,588.00,60.14
NEWYO008,6013317014313,12/26/2017,3004311706502,850.00,86.93
NEWYO008,6013317014313,12/26/2017,3004311706502,1176.00,120.27
NEWYO008,6013317014313,12/26/2017,3004311706502,1697.50,173.61
NEWYO008,6013317014313,12/26/2017,3004311706502,18818.40,1924.64
NEWYO008,6013317014313,12/26/2017,3004311706502,27187.50,2780.59
NEWYO008,6013317014313,12/26/2017,3004311706502,37636.80,3849.29
NEWYO008,6013317014313,12/26/2017,3004311706502,54372.50,5560.92
MIZUH003,6013318000191,01/04/2018,3004311700091,1495.87,340.87
MIZUH003,6013318000191,01/04/2018,3004311700091,0.00,0.00
MSGSP001,6013318000137,01/04/2018,3004311702350,179.53,20.33
MSGSP001,6013318000137,01/04/2018,3004311702350,89.31,10.11
MSGSP001,6013318000137,01/04/2018,3004311702350,0.00,0.00
MSGSP001,6013318000108,01/04/2018,3004311702560,178.94,19.74
MSGSP001,6013318000108,01/04/2018,3004311702560,178.94,19.74
MSGSP001,6013318000108,01/04/2018,3004311702560,178.94,19.74
MSGSP001,6013318000108,01/04/2018,3004311702560,178.94,19.74
MSGSP001,6013318000108,01/04/2018,3004311702560,178.94,19.74
MSGSP001,6013318000108,01/04/2018,3004311702560,178.94,19.74
MSGSP001,6013318000108,01/04/2018,3004311702560,178.94,19.74
MSGSP001,6013318000108,01/04/2018,3004311702560,89.02,9.82
MSGSP001,6013318000108,01/04/2018,3004311702560,89.02,9.82
MSGSP001,6013318000108,01/04/2018,3004311702560,89.02,9.82
MSGSP001,6013318000108,01/04/2018,3004311702560,89.02,9.82
MSGSP001,6013318000108,01/04/2018,3004311702560,358.77,39.57
MSGSP001,6013318000108,01/04/2018,3004311702560,0.00,0.00
NEWYO008,6023318000250,01/10/2018,3004311703060,6450.00,3225.00
NYULA002,6023318000574,01/31/2018,3004311704682,16086.66,16086.66
MUSEU005,6023318000551,01/31/2018,3004311705014,25.00,8.75
NEWYO008,6033318800047,01/29/2018,3004311705098,17512.98,5924.13
NEWYO008,6033318800047,01/29/2018,3004311705098,31929.42,10800.79
NEWYO008,6033318800047,01/29/2018,3004311705098,88753.71,30022.79
THOMS007,6023318000313,01/30/2018,3004311705216,2425.82,412.39
MUSEU005,6013318000086,01/05/2018,3004311705414,1700.46,205.46
MUSEU005,6013318000086,01/05/2018,3004311705414,1626.53,196.53
MUSEU005,6013318000086,01/05/2018,3004311705414,938.38,113.38
MUSEU005,6013318000086,01/05/2018,3004311705414,71.09,8.59
MUSEU005,6013318000086,01/05/2018,3004311705414,42.65,5.15
MUSEU005,6013318000086,01/05/2018,3004311705414,42.65,5.15
MUSEU005,6013318000086,01/05/2018,3004311705414,17004.62,2054.62
MUSEU005,6013318000086,01/05/2018,3004311705414,10805.61,1305.61
MUSEU005,6013318000086,01/05/2018,3004311705414,2843.58,343.58
MUSEU005,6013318000086,01/05/2018,3004311705414,127.96,15.46
MUSEU005,6013318000086,01/05/2018,3004311705414,5108.21,617.21
MUSEU005,6013318000086,01/05/2018,3004311705414,1308.05,158.05
MUSEU005,6013318000086,01/05/2018,3004311705414,56.87,6.87
MUSEU005,6013318000086,01/05/2018,3004311705414,2616.10,316.10
MUSEU005,6013318000086,01/05/2018,3004311705414,113.74,13.74
MUSEU005,6013318000086,01/05/2018,3004311705414,108.06,13.06
MUSEU005,6013318000086,01/05/2018,3004311705414,2161.12,261.12
MUSEU005,6013318000086,01/05/2018,3004311705414,22236.81,2686.81
MUSEU005,6013318000086,01/05/2018,3004311705414,2439.79,294.79
MUSEU005,6013318000086,01/05/2018,3004311705414,17402.72,2102.72
MUSEU005,6013318000086,01/05/2018,3004311705414,1364.92,164.92
MUSEU005,6013318000086,01/05/2018,3004311705414,5687.16,687.16
MUSEU005,6013318000086,01/05/2018,3004311705414,4217.96,509.64
MUSEU005,6013318000086,01/05/2018,3004311705414,273.26,33.02
MUSEU005,6013318000086,01/05/2018,3004311705414,910.86,110.06
MUSEU005,6013318000086,01/05/2018,3004311705414,42.65,5.15
MUSEU005,6013318000086,01/05/2018,3004311705414,540.19,65.27
MUSEU005,6023318000549,01/31/2018,3004311705829,3300.00,987.50
NEWYO008,6023318000556,01/31/2018,3004311705929,25575.00,12787.50
NEWYO008,6023318000557,01/31/2018,3004311706187,73905.00,37110.00
NEWYO008,6023318000631,01/31/2018,3004311706187,17420.00,8515.00
NEWYO008,6013318000287,01/08/2018,3004311706252,914.74,118.24
NEWYO008,6013318000287,01/08/2018,3004311706252,513.93,66.43
NEWYO008,6013318000287,01/08/2018,3004311706252,775.20,100.20
NEWYO008,6013318000287,01/08/2018,3004311706252,147.29,19.04
NEWYO008,6013318000287,01/08/2018,3004311706252,46.51,6.01
NEWYO008,6013318000287,01/08/2018,3004311706252,41783.42,5400.92
NEWYO008,6013318000287,01/08/2018,3004311706252,12633.67,1633.03
NEWYO008,6013318000287,01/08/2018,3004311706252,537.37,69.46
MSGSP001,6013318000209,01/09/2018,3004311706522,620.58,76.68
MSGSP001,6013318000209,01/09/2018,3004311706522,7.35,0.91
MSGSP001,6013318000330,01/10/2018,3004311706522,151.47,18.72
MSGSP001,6013318000330,01/10/2018,3004311706522,0.00,0.00
MUSEU005,6023318000550,01/31/2018,3004311706585,5625.00,2750.00
LACOS001,6013318000549,01/19/2018,3004311800207,672.75,78.49
LACOS001,6013318000549,01/19/2018,3004311800207,23.51,2.74
NASSA021,6013318000796,01/26/2018,3004311800276,364.29,36.43
NASSA021,6013318000796,01/26/2018,3004311800276,364.29,36.43
NASSA021,6013318000796,01/26/2018,3004311800276,217.89,21.79
NASSA021,6013318000796,01/26/2018,3004311800276,217.89,21.79
NASSA021,6013318000796,01/26/2018,3004311800276,1121.43,112.14
NASSA021,6013318000796,01/26/2018,3004311800276,1121.62,112.16
NASSA021,6013318000796,01/26/2018,3004311800276,142.63,14.26
NASSA021,6013318000796,01/26/2018,3004311800276,142.63,14.26
NASSA021,6013318000796,01/26/2018,3004311800276,108.28,10.83
NASSA021,6013318000796,01/26/2018,3004311800276,108.28,10.83
NASSA021,6013318000796,01/26/2018,3004311800276,1614.01,161.39
NASSA021,6013318000796,01/26/2018,3004311800276,1309.64,130.96
NASSA021,6013318000796,01/26/2018,3004311800276,1309.64,130.96
NASSA021,6013318000796,01/26/2018,3004311800276,825.49,82.55
NASSA021,6013318000796,01/26/2018,3004311800276,825.49,82.55
NASSA021,6013318000796,01/26/2018,3004311800276,390.15,39.01
NASSA021,6013318000796,01/26/2018,3004311800276,390.14,39.01
NASSA021,6013318000796,01/26/2018,3004311800276,1005.70,100.57
NASSA021,6013318000796,01/26/2018,3004311800276,1005.70,100.57
NASSA021,6013318000796,01/26/2018,3004311800276,849.49,84.95
NASSA021,6013318000796,01/26/2018,3004311800276,0.00,0.00
BNPPA002,6013318001274,02/01/2018,3004311800120,2165.12,234.42
BNPPA002,6013318001274,02/01/2018,3004311800120,67.16,7.27
BNPPA002,6013318001274,02/01/2018,3004311800120,22.92,2.48
ITGIN001,6013318002011,02/20/2018,3004311800701,5365.50,535.50
ITGIN001,6013318002011,02/20/2018,3004311800701,0.00,0.00
LACOS001,6013318001701,02/14/2018,3004311800591,157.50,18.37
LACOS001,6013318001452,02/07/2018,3004311800075,714.24,78.24
LACOS001,6013318002108,02/21/2018,3004311800711,4285.27,493.15
LACOS001,6013318001349,02/06/2018,3004311800075,1120.77,122.77
LACOS001,6013318001488,02/07/2018,3004311800075,8.98,0.98
LACOS001,6013318001488,02/07/2018,3004311800075,626.64,68.64
LACOS001,6013318001488,02/07/2018,3004311800075,44.92,4.92
LACOS001,6013318001488,02/07/2018,3004311800075,112.30,12.30
LACOS001,6013318001349,02/06/2018,3004311800075,136.63,14.97
LACOS001,6013318001452,02/07/2018,3004311800075,48.42,5.30
LACOS001,6013318001488,02/07/2018,3004311800075,87.34,9.57
LACOS001,6013318002108,02/21/2018,3004311800711,334.13,38.45
LACOS001,6013318001349,02/06/2018,3004311800075,17.42,1.91
LACOS001,6013318001452,02/07/2018,3004311800075,11.26,1.23
LACOS001,6013318001488,02/07/2018,3004311800075,11.26,1.23
LACOS001,6013318001701,02/14/2018,3004311800591,20.87,2.43
LACOS001,6013318002108,02/21/2018,3004311800711,102.81,11.83
MSGSP001,6013318001255,02/04/2018,3004311702560,89.02,9.82
MSGSP001,6013318001255,02/04/2018,3004311702560,89.02,9.82
MSGSP001,6013318001255,02/04/2018,3004311702560,89.02,9.82
MSGSP001,6013318001255,02/04/2018,3004311702560,89.02,9.82
MSGSP001,6013318001255,02/04/2018,3004311702560,178.94,19.74
MSGSP001,6013318001255,02/04/2018,3004311702560,178.94,19.74
MSGSP001,6013318001255,02/04/2018,3004311702560,178.94,19.74
MSGSP001,6013318001255,02/04/2018,3004311702560,178.94,19.74
MSGSP001,6013318001255,02/04/2018,3004311702560,178.94,19.74
MSGSP001,6013318001255,02/04/2018,3004311702560,178.94,19.74
MSGSP001,6013318001255,02/04/2018,3004311702560,178.94,19.74
MSGSP001,6013318001255,02/04/2018,3004311702560,358.77,39.57
MSGSP001,6013318001262,02/04/2018,3004311702350,89.31,10.11
MSGSP001,6013318001262,02/04/2018,3004311702350,179.53,20.33
MSGSP001,6013318001255,02/04/2018,3004311702560,0.00,0.00
MSGSP001,6013318001262,02/04/2018,3004311702350,0.00,0.00
MUSEU005,6023318000888,02/28/2018,3004311705829,1900.00,807.50
MUSEU005,6023318000889,02/28/2018,3004311706585,1575.00,770.00
MUSEU005,6023318000890,02/28/2018,3004311706585,0.00,-455.00
NEWYO008,6013318001724,02/15/2018,3004311800604,777.40,93.44
NEWYO008,6013318001333,02/06/2018,3004311706372,775.94,89.54
NEWYO008,6013318001333,02/06/2018,3004311706372,4930.75,568.99
NEWYO008,6013318001333,02/06/2018,3004311706372,2366.62,273.10
NEWYO008,6013318001333,02/06/2018,3004311706372,12715.29,1467.29
NEWYO008,6013318001333,02/06/2018,3004311706372,18340.40,2116.40
NEWYO008,6013318001333,02/06/2018,3004311706372,19775.62,2282.02
NEWYO008,6013318001333,02/06/2018,3004311706372,13046.37,1505.49
NEWYO008,6013318001333,02/06/2018,3004311706372,7604.21,877.49
NEWYO008,6013318001333,02/06/2018,3004311706372,7126.08,822.32
NEWYO008,6033318800110,02/28/2018,3004311705098,17514.35,5927.25
NEWYO008,6033318800110,02/28/2018,3004311705098,31931.92,10806.49
NEWYO008,6033318800110,02/28/2018,3004311705098,88760.66,30038.62
NEWYO008,6023318000902,02/28/2018,3004311706187,30940.00,15970.00
NEWYO008,6023318000894,02/28/2018,3004311705929,25725.00,12862.50
NEWYO008,6013318002139,02/22/2018,3004311800737,1542.50,155.00
NEWYO008,6013318001333,02/06/2018,3004311706372,1172.73,135.33
NEWYO008,6013318001724,02/15/2018,3004311800604,40.26,4.84
NEWYO008,6013318002139,02/22/2018,3004311800737,0.00,0.00
BNPPA002,6013318003220,03/20/2018,3004311801158,6233.33,623.33
BNPPA002,6013318003220,03/20/2018,3004311801158,5194.44,519.44
BNPPA002,6013318002753,03/15/2018,3004311706254,0.00,0.00
BNPPA002,6013318002753,03/15/2018,3004311706254,113308.19,9463.19
BNPPA002,6013318002753,03/15/2018,3004311706254,113308.19,9463.19
BNPPA002,6013318002753,03/15/2018,3004311706254,3709.84,309.84
BNPPA002,6013318002753,03/15/2018,3004311706254,3709.84,309.84
BNPPA002,6013318002753,03/15/2018,3004311706254,44622.77,3726.77
BNPPA002,6013318002753,03/15/2018,3004311706254,0.00,0.00
BNPPA002,6013318002753,03/15/2018,3004311706254,44622.77,3726.77
BNPPA002,6013318002753,03/15/2018,3004311706254,0.00,0.00
BNPPA002,6013318002753,03/15/2018,3004311706254,676.98,56.54
BNPPA002,6013318003220,03/20/2018,3004311801158,0.00,0.00
LACOS001,6013318002700,03/06/2018,3004311800939,559.24,64.35
LACOS001,6013318002765,03/08/2018,3004311800939,43.51,5.01
LACOS001,6013318002700,03/06/2018,3004311800939,22.52,2.59
LACOS001,6013318002765,03/08/2018,3004311800939,0.00,0.00
NYULA002,6023318001101,03/19/2018,3004311704682,16086.66,16086.66
NYULA002,6023318001416,03/30/2018,3004311800958,0.00,0.00
NYULA002,6023318001416,03/30/2018,3004311800958,13432.70,512.70
MSGSP001,6013318002635,03/06/2018,3004311702350,89.31,10.11
MSGSP001,6013318002635,03/06/2018,3004311702350,179.53,20.33
MSGSP001,6013318002643,03/06/2018,3004311702560,89.02,9.82
MSGSP001,6013318002643,03/06/2018,3004311702560,89.02,9.82
MSGSP001,6013318002643,03/06/2018,3004311702560,89.02,9.82
MSGSP001,6013318002643,03/06/2018,3004311702560,89.02,9.82
MSGSP001,6013318002643,03/06/2018,3004311702560,178.94,19.74
MSGSP001,6013318002643,03/06/2018,3004311702560,178.94,19.74
MSGSP001,6013318002643,03/06/2018,3004311702560,178.94,19.74
MSGSP001,6013318002643,03/06/2018,3004311702560,178.94,19.74
MSGSP001,6013318002643,03/06/2018,3004311702560,178.94,19.74
MSGSP001,6013318002643,03/06/2018,3004311702560,178.94,19.74
MSGSP001,6013318002643,03/06/2018,3004311702560,178.94,19.74
MSGSP001,6013318002643,03/06/2018,3004311702560,358.77,39.57
MSGSP001,6013318002714,03/07/2018,3004311800921,984.00,151.20
MSGSP001,6013318002635,03/06/2018,3004311702350,0.00,0.00
MSGSP001,6013318002643,03/06/2018,3004311702560,0.00,0.00
MSGSP001,6013318002714,03/07/2018,3004311800921,492.78,75.72
MUSEU005,6013318002904,03/12/2018,3004311800198,2693.95,356.63
MUSEU005,6013318002904,03/12/2018,3004311800198,1797.37,237.94
MUSEU005,6013318002904,03/12/2018,3004311800198,28.81,3.81
MUSEU005,6013318002904,03/12/2018,3004311800198,520.68,68.93
MUSEU005,6013318002904,03/12/2018,3004311800198,880.74,116.59
MUSEU005,6013318003620,03/27/2018,3004311801228,30827.62,7705.72
MUSEU005,6013318003620,03/27/2018,3004311801228,7795.21,1948.50
MUSEU005,6013318003553,03/23/2018,3004311801230,373.79,55.04
MUSEU005,6013318003553,03/23/2018,3004311801230,7270.67,1070.67
MUSEU005,6013318003553,03/23/2018,3004311801230,234.54,34.54
MUSEU005,6023318001219,03/28/2018,3004311705829,1300.00,97.50
MUSEU005,6023318001220,03/28/2018,3004311800255,1500.00,637.50
MUSEU005,6023318001221,03/28/2018,3004311706585,2250.00,970.00
MUSEU005,6023318001222,03/28/2018,3004311800703,26880.00,13600.00
MUSEU005,6023318001388,03/30/2018,3004311800703,6720.00,3400.00
MUSEU005,6013318003520,03/22/2018,3004311801160,1232.84,232.84
MUSEU005,6013318002904,03/12/2018,3004311800198,0.00,0.00
MUSEU005,6013318003520,03/22/2018,3004311801160,0.00,0.00
MUSEU005,6013318003553,03/23/2018,3004311801230,0.00,0.00
MUSEU005,6013318003620,03/27/2018,3004311801228,0.00,0.00
NEWYO008,6033318800158,03/29/2018,3004311705098,17514.35,5927.25
NEWYO008,6033318800158,03/29/2018,3004311705098,31931.92,10806.49
NEWYO008,6033318800158,03/29/2018,3004311705098,88760.66,30038.62
NEWYO008,6023318001196,03/28/2018,3004311706187,25350.00,14057.50
NEWYO008,6023318001390,03/30/2018,3004311706187,8320.00,4640.00
NEWYO008,6023318001195,03/28/2018,3004311705929,19012.50,9506.25
NEWYO008,6023318001389,03/30/2018,3004311705929,6600.00,3300.00
THOMS007,6023318001075,03/13/2018,3004311704901,2411.76,771.76
BNPPA002,6013318004270,04/10/2018,3004311801487,14274.76,3219.04
BNPPA002,6013318004270,04/10/2018,3004311801487,0.00,0.00
NYULA002,6013318004702,04/20/2018,3004311801719,216666.66,21666.66
NYULA002,6013318004702,04/20/2018,3004311801719,20971.60,2097.16
NYULA002,6013318004702,04/20/2018,3004311801719,35645.74,3564.57
NYULA002,6013318004702,04/20/2018,3004311801719,0.00,0.00
MSGSP001,6013318004239,04/04/2018,3004311702560,178.94,19.74
MSGSP001,6013318004239,04/04/2018,3004311702560,178.94,19.74
MSGSP001,6013318004239,04/04/2018,3004311702560,178.94,19.74
MSGSP001,6013318004239,04/04/2018,3004311702560,178.94,19.74
MSGSP001,6013318004239,04/04/2018,3004311702560,178.94,19.74
MSGSP001,6013318004239,04/04/2018,3004311702560,178.94,19.74
MSGSP001,6013318004239,04/04/2018,3004311702560,178.94,19.74
MSGSP001,6013318004239,04/04/2018,3004311702560,89.02,9.82
MSGSP001,6013318004239,04/04/2018,3004311702560,89.02,9.82
MSGSP001,6013318004239,04/04/2018,3004311702560,89.02,9.82
MSGSP001,6013318004239,04/04/2018,3004311702560,89.02,9.82
MSGSP001,6013318004239,04/04/2018,3004311702560,358.77,39.57
MSGSP001,6013318004240,04/04/2018,3004311702350,179.53,20.33
MSGSP001,6013318004240,04/04/2018,3004311702350,89.31,10.11
MSGSP001,6013318004239,04/04/2018,3004311702560,0.00,0.00
MSGSP001,6013318004240,04/04/2018,3004311702350,0.00,0.00
MUSEU005,6013318004413,04/15/2018,3004311801298,6189.18,1108.38
MUSEU005,6013318004413,04/15/2018,3004311801298,24119.37,4319.37
MUSEU005,6013318004413,04/15/2018,3004311801298,3568.06,638.98
MUSEU005,6033318800211,04/30/2018,3004311801429,12332.85,7199.72
MUSEU005,6023318001737,04/30/2018,3004311801160,2000.00,850.00
MUSEU005,6023318001738,04/30/2018,3004311706585,1912.50,740.00
MUSEU005,6023318001739,04/30/2018,3004311800255,6500.00,2632.50
MUSEU005,6023318001740,04/30/2018,3004311705829,200.00,-158.75
MUSEU005,6023318001727,04/30/2018,3004311800703,20160.00,10200.00
MUSEU005,6013318004444,04/13/2018,3004311801479,38704.96,3554.20
MUSEU005,6013318004444,04/13/2018,3004311801479,3495.99,321.03
MUSEU005,6013318004444,04/13/2018,3004311801479,12667.09,1163.19
MUSEU005,6013318004444,04/13/2018,3004311801479,1899.33,174.41
MUSEU005,6013318004444,04/13/2018,3004311801479,794.67,72.97
MUSEU005,6013318004444,04/13/2018,3004311801479,207.27,19.03
MUSEU005,6013318004413,04/15/2018,3004311801298,274.00,49.07
MUSEU005,6013318004444,04/13/2018,3004311801479,0.00,0.00
NEWYO008,6013318004667,04/19/2018,3004311801723,1990.00,218.92
NEWYO008,6913018000806,04/20/2018,3004311701871,-36.48,7.22
NEWYO008,6913018000806,04/20/2018,3004311701871,-9.60,1.90
NEWYO008,6913018000806,04/20/2018,3004311701871,-13208.71,2615.29
NEWYO008,6913018000806,04/20/2018,3004311701871,-13055.12,2584.88
NEWYO008,6013318004696,04/20/2018,3004311801722,6165.96,725.96
NEWYO008,6013318004696,04/20/2018,3004311801722,25291.60,2977.76
NEWYO008,6013318004696,04/20/2018,3004311801722,3372.01,397.01
NEWYO008,6013318004696,04/20/2018,3004311801722,6102.60,718.50
NEWYO008,6033318800207,04/29/2018,3004311705098,17512.73,5920.38
NEWYO008,6033318800207,04/29/2018,3004311705098,31928.98,10793.96
NEWYO008,6033318800207,04/29/2018,3004311705098,88752.46,30003.80
NEWYO008,6023318001725,04/30/2018,3004311706187,25480.00,14050.00
NEWYO008,6023318001726,04/30/2018,3004311705929,28087.50,14043.75
NEWYO008,6013318004667,04/19/2018,3004311801723,31.60,3.48
NEWYO008,6013318004696,04/20/2018,3004311801722,294.01,34.62
NEWYO008,6913018000806,04/20/2018,3004311701871,0.00,0.00
BNPPA002,6013318005181,05/02/2018,3004311801981,759.00,225.00
BNPPA002,6013318005760,05/13/2018,3004311801838,1644.32,159.32
BNPPA002,6013318005760,05/13/2018,3004311801838,1793.81,173.81
BNPPA002,6013318005760,05/13/2018,3004311801838,17688.95,1713.95
BNPPA002,6013318005760,05/13/2018,3004311801838,1906.44,184.72
BNPPA002,6013318005181,05/02/2018,3004311801981,40.11,11.89
BNPPA002,6013318005760,05/13/2018,3004311801838,158.17,15.33
ITGIN001,6023318001875,05/07/2018,3004311800931,9220.59,2950.59
LACOS001,6013318005180,05/01/2018,3004311801961,1695.00,260.38
LACOS001,6033318800222,05/01/2018,3004311602251,16049.89,7222.39
LACOS001,6013318005180,05/01/2018,3004311801961,33.34,5.12
NYULA002,6023318001955,05/16/2018,3004311800958,0.00,0.00
NYULA002,6023318002316,05/01/2018,3004311704682,0.00,0.00
NYULA002,6023318002317,05/01/2018,3004311800958,0.00,0.00
NYULA002,6023318001955,05/16/2018,3004311800958,21140.06,1380.06
NYULA002,6023318002060,05/31/2018,3004311802019,3344.00,304.00
MSGSP001,6013318005405,05/04/2018,3004311702350,179.53,20.33
MSGSP001,6013318005405,05/04/2018,3004311702350,89.31,10.11
MSGSP001,6013318005409,05/04/2018,3004311702560,178.94,19.74
MSGSP001,6013318005409,05/04/2018,3004311702560,178.94,19.74
MSGSP001,6013318005409,05/04/2018,3004311702560,178.94,19.74
MSGSP001,6013318005409,05/04/2018,3004311702560,178.94,19.74
MSGSP001,6013318005409,05/04/2018,3004311702560,178.94,19.74
MSGSP001,6013318005409,05/04/2018,3004311702560,178.94,19.74
MSGSP001,6013318005409,05/04/2018,3004311702560,178.94,19.74
MSGSP001,6013318005409,05/04/2018,3004311702560,89.02,9.82
MSGSP001,6013318005409,05/04/2018,3004311702560,89.02,9.82
MSGSP001,6013318005409,05/04/2018,3004311702560,89.02,9.82
MSGSP001,6013318005409,05/04/2018,3004311702560,89.02,9.82
MSGSP001,6013318005409,05/04/2018,3004311702560,358.77,39.57
MSGSP001,6013318005405,05/04/2018,3004311702350,0.00,0.00
MSGSP001,6013318005409,05/04/2018,3004311702560,0.00,0.00
MUSEU005,6013318005373,05/04/2018,3004311802009,14670.00,1800.00
MUSEU005,6013318006292,05/24/2018,3004311801973,131.62,19.74
MUSEU005,6013318006292,05/24/2018,3004311801973,12.95,1.94
MUSEU005,6013318006292,05/24/2018,3004311801973,224.82,33.72
MUSEU005,6013318006292,05/24/2018,3004311801973,11158.88,1673.84
MUSEU005,6013318006292,05/24/2018,3004311801973,54661.41,8199.25
MUSEU005,6013318006292,05/24/2018,3004311801973,4052.46,607.87
MUSEU005,6013318006292,05/24/2018,3004311801973,2257.37,338.61
MUSEU005,6013318006292,05/24/2018,3004311801973,2188.38,328.26
MUSEU005,6013318006292,05/24/2018,3004311801973,1218.92,182.84
MUSEU005,6013318006292,05/24/2018,3004311801973,20563.64,3084.56
MUSEU005,6033318800237,05/09/2018,3004311801429,12332.85,7199.72
MUSEU005,6023318002048,05/31/2018,3004311800255,1200.00,-10.00
MUSEU005,6023318002049,05/31/2018,3004311706585,225.00,-52.50
MUSEU005,6023318002050,05/31/2018,3004311800703,33600.00,17000.00
MUSEU005,6013318005373,05/04/2018,3004311802009,0.00,0.00
MUSEU005,6013318006292,05/24/2018,3004311801973,152.34,22.85
NASSA017,6013318006097,05/18/2018,3004311802129,3872.49,497.49
NASSA017,6013318006338,05/24/2018,3004311802129,9087.44,1167.44
NASSA017,6013318006643,05/31/2018,3004311802129,2438.46,313.26
NASSA017,6913018001190,05/31/2018,3004311802129,0.00,0.00
NASSA017,6013318006097,05/18/2018,3004311802129,17.92,2.30
NASSA017,6013318006338,05/24/2018,3004311802129,253.62,32.58
NASSA017,6013318006643,05/31/2018,3004311802129,23.71,3.05
NASSA017,6913018001190,05/31/2018,3004311802129,0.00,0.00
NEWYO008,6013318005819,05/14/2018,3004311802163,1866.80,269.26
NEWYO008,6013318005819,05/14/2018,3004311802163,104.00,15.00
NEWYO008,6013318006200,05/22/2018,3004311801885,15895.88,1567.88
NEWYO008,6013318006200,05/22/2018,3004311801885,9984.85,984.85
NEWYO008,6013318006200,05/22/2018,3004311801885,31951.52,3151.52
NEWYO008,6013318006503,05/29/2018,3004311801996,15921.57,1593.57
NEWYO008,6013318006503,05/29/2018,3004311801996,10000.98,1000.98
NEWYO008,6013318006503,05/29/2018,3004311801996,32003.15,3203.15
NEWYO008,6013318006200,05/22/2018,3004311801885,3993.94,393.94
NEWYO008,6013318006503,05/29/2018,3004311801996,4000.39,400.39
NEWYO008,6013318006200,05/22/2018,3004311801885,1094.54,107.96
NEWYO008,6013318006200,05/22/2018,3004311801885,8618.48,850.08
NEWYO008,6013318006503,05/29/2018,3004311801996,1083.28,108.42
NEWYO008,6013318006503,05/29/2018,3004311801996,8529.82,853.74
NEWYO008,6913018001171,05/31/2018,3004311701871,-7.47,1.48
NEWYO008,6913018001171,05/31/2018,3004311701871,-28.38,5.62
NEWYO008,6913018001171,05/31/2018,3004311701871,-41531.28,8223.10
NEWYO008,6913018001171,05/31/2018,3004311701871,-41232.50,8163.94
NEWYO008,6033318800260,05/29/2018,3004311705098,17513.25,5917.39
NEWYO008,6033318800260,05/29/2018,3004311705098,31929.91,10788.51
NEWYO008,6033318800260,05/29/2018,3004311705098,88755.07,29988.65
NEWYO008,6023318002181,05/31/2018,3004311706187,14300.00,7895.00
NEWYO008,6023318002054,05/31/2018,3004311801826,21937.50,10968.75
NEWYO008,6023318002314,05/31/2018,3004311801826,11175.00,5587.50
NEWYO008,6013318005819,05/14/2018,3004311802163,83.92,12.10
NEWYO008,6013318006200,05/22/2018,3004311801885,240.63,23.73
NEWYO008,6013318006503,05/29/2018,3004311801996,112.23,11.23
NEWYO008,6913018001171,05/31/2018,3004311701871,0.00,0.00
PCRIC001,6013318005193,05/01/2018,3004311801952,1235.36,91.12
PCRIC001,6013318005193,05/01/2018,3004311801952,174.64,12.88
PCRIC001,6013318005193,05/01/2018,3004311801952,30.47,2.25
ELMHU006,6013318006122,05/21/2018,3004311801581,8850.00,885.00
ELMHU006,6013318006122,05/21/2018,3004311801581,0.00,0.00
BNPPA002,6013318007740,06/22/2018,3004311802712,665.00,199.50
BNPPA002,6013318007740,06/22/2018,3004311802712,665.00,199.50
BNPPA002,6013318007740,06/22/2018,3004311802712,259.67,77.90
NYULA002,6023318002379,06/25/2018,3004311704291,12095.59,3870.59
NYULA002,6023318002344,06/14/2018,3004311700145,2985.71,895.71
NYULA002,6023318002522,06/26/2018,3004311802019,20900.00,1900.00
NYULA002,6013318007172,06/08/2018,3004311802623,287.70,31.96
NYULA002,6013318007172,06/08/2018,3004311802623,0.00,0.00
MSGSP001,6013318006882,06/04/2018,3004311702350,179.53,20.33
MSGSP001,6013318006882,06/04/2018,3004311702350,89.31,10.11
MSGSP001,6013318006882,06/04/2018,3004311702350,0.00,0.00
MUSEU005,6033318800292,06/09/2018,3004311801429,12332.85,7199.72
MUSEU005,6023318002577,06/27/2018,3004311801160,1200.00,347.50
MUSEU005,6023318002578,06/27/2018,3004311702099,450.00,130.00
MUSEU005,6023318002579,06/27/2018,3004311802150,750.00,270.00
MUSEU005,6023318002580,06/27/2018,3004311800255,1200.00,412.50
MUSEU005,6023318002724,06/30/2018,3004311705014,2255.00,675.00
MUSEU005,6023318002576,06/27/2018,3004311800703,18816.00,9520.00
NEWYO008,6013318007153,06/12/2018,3004311802210,375.00,37.50
NEWYO008,6013318007153,06/12/2018,3004311802210,50.00,5.00
NEWYO008,6013318007153,06/12/2018,3004311802210,1200.00,120.00
NEWYO008,6013318007119,06/08/2018,3004311802660,73656.25,9565.71
NEWYO008,6013318007119,06/08/2018,3004311802660,60515.51,7859.12
NEWYO008,6013318007821,06/20/2018,3004311802776,10487.50,1048.75
NEWYO008,6013318007821,06/20/2018,3004311802776,14112.50,1411.25
NEWYO008,6033318800323,06/29/2018,3004311705098,17512.78,5929.19
NEWYO008,6033318800323,06/29/2018,3004311705098,31929.07,10810.02
NEWYO008,6033318800323,06/29/2018,3004311705098,88752.72,30048.43
NEWYO008,6023318002518,06/26/2018,3004311802670,20800.00,11600.00
NEWYO008,6023318002708,06/30/2018,3004311802670,10400.00,5800.00
NEWYO008,6023318002709,06/30/2018,3004311801826,20925.00,10462.50
NEWYO008,6013318007153,06/12/2018,3004311802210,84.74,8.47
NEWYO008,6013318007821,06/20/2018,3004311802776,0.00,0.00
NEWYO008,6013318007119,06/08/2018,3004311802660,0.00,0.00
SANDO003,6013318007392,06/14/2018,3004311802580,525.14,75.14
SANDO003,6013318006991,06/08/2018,3004311802580,3087.80,441.80
SANDO003,6013318006991,06/08/2018,3004311802580,44.34,6.34
SANDO003,6013318007392,06/14/2018,3004311802580,0.00,0.00
BETHI002,6013318007772,06/22/2018,3004311802926,467.36,38.32
BETHI002,6013318007772,06/22/2018,3004311802926,0.00,0.00
ICAHN002,6013318006918,06/06/2018,3004311802533,2499.72,272.22
ICAHN002,6013318006918,06/06/2018,3004311802533,2272.48,247.48
ICAHN002,6013318006918,06/06/2018,3004311802533,36.65,3.99
MOUNT041,6013318007463,06/18/2018,3004311802720,46.50,3.75
MOUNT041,6013318007463,06/18/2018,3004311802720,46.50,3.75
MOUNT041,6013318007463,06/18/2018,3004311802720,46.50,3.75
MOUNT041,6013318007463,06/18/2018,3004311802720,46.50,3.75
MOUNT041,6013318007635,06/21/2018,3004311802720,340.18,27.43
MOUNT041,6013318007838,06/25/2018,3004311802843,0.00,-648.00
MOUNT041,6013318007957,06/27/2018,3004311802697,1947.43,156.43
MOUNT041,6013318007463,06/18/2018,3004311802720,129.39,10.43
MOUNT041,6013318007635,06/21/2018,3004311802720,56.08,4.52
MOUNT041,6013318007838,06/25/2018,3004311802843,0.00,-29.74
MOUNT041,6013318007957,06/27/2018,3004311802697,7.76,0.62
NEWYO008,6013318007054,06/08/2018,3004311802622,92281.36,11245.09
NEWYO008,6013318007054,06/08/2018,3004311802622,96059.68,11705.50
NEWYO008,6013318007054,06/08/2018,3004311802622,0.00,0.00
NEWYO044,6013318001450,02/07/2018,3004311800047,1380.00,138.00
NEWYO044,6013318001461,02/07/2018,3004311800212,2823.59,359.09
NEWYO044,6013318001462,02/07/2018,3004311800214,2823.59,359.09
NEWYO044,6013318001463,02/07/2018,3004311800218,2806.81,342.31
NEWYO044,6013318001491,02/07/2018,3004311800209,2823.59,359.09
NEWYO044,6013318001491,02/07/2018,3004311800209,56.71,7.21
NEWYO044,6013318001492,02/07/2018,3004311800210,2823.59,359.09
NEWYO044,6013318001492,02/07/2018,3004311800210,884.71,112.51
NEWYO044,6013318001492,02/07/2018,3004311800210,56.71,7.21
NEWYO044,6013318001493,02/07/2018,3004311800211,2823.59,359.09
NEWYO044,6013318001493,02/07/2018,3004311800211,884.71,112.51
NEWYO044,6013318001493,02/07/2018,3004311800211,56.71,7.21
NEWYO044,6013318001494,02/07/2018,3004311800212,884.71,112.51
NEWYO044,6013318001494,02/07/2018,3004311800212,56.71,7.21
NEWYO044,6013318001495,02/07/2018,3004311800213,2823.59,359.09
NEWYO044,6013318001495,02/07/2018,3004311800213,884.71,112.51
NEWYO044,6013318001495,02/07/2018,3004311800213,56.71,7.21
NEWYO044,6013318001496,02/07/2018,3004311800214,884.71,112.51
NEWYO044,6013318001496,02/07/2018,3004311800214,56.71,7.21
NEWYO044,6013318001498,02/07/2018,3004311800218,879.46,107.26
NEWYO044,6013318001498,02/07/2018,3004311800218,56.38,6.88
NEWYO044,6013318001602,02/09/2018,3004311800209,1126.69,143.29
NEWYO044,6013318001603,02/09/2018,3004311800210,1126.69,143.29
NEWYO044,6013318001604,02/09/2018,3004311800211,1126.69,143.29
NEWYO044,6013318001605,02/09/2018,3004311800212,1126.69,143.29
NEWYO044,6013318001606,02/09/2018,3004311800213,1126.69,143.29
NEWYO044,6013318001607,02/09/2018,3004311800214,1126.69,143.29
NEWYO044,6013318001608,02/09/2018,3004311800218,1119.99,136.59
NEWYO044,6013318001923,02/19/2018,3004311800209,176.94,22.50
NEWYO044,6013318001923,02/19/2018,3004311800209,884.71,112.51
NEWYO044,6013318001923,02/19/2018,3004311800209,34.03,4.33
NEWYO044,6013318001923,02/19/2018,3004311800209,30208.82,3841.82
NEWYO044,6013318001924,02/19/2018,3004311800210,176.94,22.50
NEWYO044,6013318001924,02/19/2018,3004311800210,34.03,4.33
NEWYO044,6013318001924,02/19/2018,3004311800210,30208.82,3841.82
NEWYO044,6013318001925,02/19/2018,3004311800211,176.94,22.50
NEWYO044,6013318001925,02/19/2018,3004311800211,34.03,4.33
NEWYO044,6013318001925,02/19/2018,3004311800211,30208.82,3841.82
NEWYO044,6013318001926,02/19/2018,3004311800212,176.94,22.50
NEWYO044,6013318001926,02/19/2018,3004311800212,34.03,4.33
NEWYO044,6013318001926,02/19/2018,3004311800212,30208.82,3841.82
NEWYO044,6013318001927,02/19/2018,3004311800213,176.94,22.50
NEWYO044,6013318001927,02/19/2018,3004311800213,34.03,4.33
NEWYO044,6013318001927,02/19/2018,3004311800213,30208.82,3841.82
NEWYO044,6013318001928,02/19/2018,3004311800214,176.94,22.50
NEWYO044,6013318001928,02/19/2018,3004311800214,34.03,4.33
NEWYO044,6013318001928,02/19/2018,3004311800214,30208.82,3841.82
NEWYO044,6013318001929,02/19/2018,3004311800218,175.89,21.45
NEWYO044,6013318001929,02/19/2018,3004311800218,33.83,4.13
NEWYO044,6013318001929,02/19/2018,3004311800218,30029.33,3662.33
NEWYO044,6013318002074,02/27/2018,3004311705346,83684.82,13372.82
NEWYO044,6013318002074,02/27/2018,3004311705346,14779.34,2361.74
NEWYO044,6013318002074,02/27/2018,3004311705346,5712.92,912.92
NEWYO044,6013318002074,02/27/2018,3004311705346,10610.80,1695.60
NEWYO044,6013318002074,02/27/2018,3004311705346,9094.98,1453.38
NEWYO044,6013318002074,02/27/2018,3004311705346,9094.98,1453.38
NEWYO044,6013318002074,02/27/2018,3004311705346,44179.95,7059.95
NEWYO044,6013318002074,02/27/2018,3004311705346,11677.22,1866.02
NEWYO044,6013318002074,02/27/2018,3004311705346,8664.60,1384.60
NEWYO044,6013318002074,02/27/2018,3004311705346,15472.50,2472.50
NEWYO044,6013318002074,02/27/2018,3004311705346,68079.01,10879.01
NEWYO044,6013318002074,02/27/2018,3004311705346,2166.15,346.15
NEWYO044,6013318002074,02/27/2018,3004311705346,928.35,148.35
NEWYO044,6013318002074,02/27/2018,3004311705346,121875.72,19475.72
NEWYO044,6013318002074,02/27/2018,3004311705346,4570.34,730.34
NEWYO044,6013318002074,02/27/2018,3004311705346,6855.51,1095.51
NEWYO044,6013318002074,02/27/2018,3004311705346,1519.64,242.84
NEWYO044,6013318002074,02/27/2018,3004311705346,759.82,121.42
NEWYO044,6013318002074,02/27/2018,3004311705346,759.82,121.42
NEWYO044,6013318002074,02/27/2018,3004311705346,40228.51,6428.51
NEWYO044,6013318002074,02/27/2018,3004311705346,40228.51,6428.51
NEWYO044,6013318002074,02/27/2018,3004311705346,11425.85,1825.85
NEWYO044,6013318002074,02/27/2018,3004311705346,182783.11,29208.71
NEWYO044,6013318002074,02/27/2018,3004311705346,61890.01,9890.01
NEWYO044,6013318002074,02/27/2018,3004311705346,61890.01,9890.01
NEWYO044,6013318002074,02/27/2018,3004311705346,99024.02,15824.02
NEWYO044,6013318002074,02/27/2018,3004311705346,4570.34,730.34
NEWYO044,6013318002074,02/27/2018,3004311705346,4570.34,730.34
NEWYO044,6013318002074,02/27/2018,3004311705346,4570.34,730.34
NEWYO044,6013318002074,02/27/2018,3004311705346,19043.08,3043.08
NEWYO044,6013318002074,02/27/2018,3004311705346,19043.08,3043.08
NEWYO044,6013318002074,02/27/2018,3004311705346,19043.08,3043.08
NEWYO044,6013318002074,02/27/2018,3004311705346,64746.48,10346.48
NEWYO044,6013318002074,02/27/2018,3004311705346,3808.62,608.62
NEWYO044,6013318002074,02/27/2018,3004311705346,1294.93,206.93
NEWYO044,6013318002074,02/27/2018,3004311705346,12796.95,2044.95
NEWYO044,6013318002074,02/27/2018,3004311705346,57129.24,9129.24
NEWYO044,6013318002074,02/27/2018,3004311705346,57129.24,9129.24
NEWYO044,6013318002074,02/27/2018,3004311705346,91406.79,14606.79
NEWYO044,6013318002074,02/27/2018,3004311705346,47607.70,7607.70
NEWYO044,6013318002074,02/27/2018,3004311705346,99024.02,15824.02
NEWYO044,6013318002074,02/27/2018,3004311705346,61890.01,9890.01
NEWYO044,6013318002074,02/27/2018,3004311705346,35229.70,5629.70
NEWYO044,6013318002074,02/27/2018,3004311705346,3046.89,486.89
NEWYO044,6013318002074,02/27/2018,3004311705346,5712.92,912.92
NEWYO044,6013318002074,02/27/2018,3004311705346,5712.92,912.92
NEWYO044,6013318002074,02/27/2018,3004311705346,10211.85,1631.85
NEWYO044,6013318002074,02/27/2018,3004311705346,142347.03,22747.03
NEWYO044,6013318002074,02/27/2018,3004311705346,71173.52,11373.52
NEWYO044,6013318002074,02/27/2018,3004311705346,71173.52,11373.52
NEWYO044,6013318002075,02/27/2018,3004311705347,83684.82,13372.82
NEWYO044,6013318002075,02/27/2018,3004311705347,14779.34,2361.74
NEWYO044,6013318002075,02/27/2018,3004311705347,5712.92,912.92
NEWYO044,6013318002075,02/27/2018,3004311705347,10610.80,1695.60
NEWYO044,6013318002075,02/27/2018,3004311705347,9094.98,1453.38
NEWYO044,6013318002075,02/27/2018,3004311705347,9094.98,1453.38
NEWYO044,6013318002075,02/27/2018,3004311705347,44179.95,7059.95
NEWYO044,6013318002075,02/27/2018,3004311705347,11677.22,1866.02
NEWYO044,6013318002075,02/27/2018,3004311705347,8664.60,1384.60
NEWYO044,6013318002075,02/27/2018,3004311705347,15472.50,2472.50
NEWYO044,6013318002075,02/27/2018,3004311705347,68079.01,10879.01
NEWYO044,6013318002075,02/27/2018,3004311705347,2166.15,346.15
NEWYO044,6013318002075,02/27/2018,3004311705347,928.35,148.35
NEWYO044,6013318002075,02/27/2018,3004311705347,121875.72,19475.72
NEWYO044,6013318002075,02/27/2018,3004311705347,4570.34,730.34
NEWYO044,6013318002075,02/27/2018,3004311705347,6855.51,1095.51
NEWYO044,6013318002075,02/27/2018,3004311705347,1519.64,242.84
NEWYO044,6013318002075,02/27/2018,3004311705347,759.82,121.42
NEWYO044,6013318002075,02/27/2018,3004311705347,759.82,121.42
NEWYO044,6013318002075,02/27/2018,3004311705347,40228.51,6428.51
NEWYO044,6013318002075,02/27/2018,3004311705347,40228.51,6428.51
NEWYO044,6013318002075,02/27/2018,3004311705347,11425.85,1825.85
NEWYO044,6013318002075,02/27/2018,3004311705347,182783.11,29208.71
NEWYO044,6013318002075,02/27/2018,3004311705347,61890.01,9890.01
NEWYO044,6013318002075,02/27/2018,3004311705347,61890.01,9890.01
NEWYO044,6013318002075,02/27/2018,3004311705347,99024.02,15824.02
NEWYO044,6013318002075,02/27/2018,3004311705347,4570.34,730.34
NEWYO044,6013318002075,02/27/2018,3004311705347,4570.34,730.34
NEWYO044,6013318002075,02/27/2018,3004311705347,4570.34,730.34
NEWYO044,6013318002075,02/27/2018,3004311705347,19043.08,3043.08
NEWYO044,6013318002075,02/27/2018,3004311705347,19043.08,3043.08
NEWYO044,6013318002075,02/27/2018,3004311705347,19043.08,3043.08
NEWYO044,6013318002075,02/27/2018,3004311705347,64746.48,10346.48
NEWYO044,6013318002075,02/27/2018,3004311705347,3808.62,608.62
NEWYO044,6013318002075,02/27/2018,3004311705347,1294.93,206.93
NEWYO044,6013318002075,02/27/2018,3004311705347,12796.95,2044.95
NEWYO044,6013318002075,02/27/2018,3004311705347,57129.24,9129.24
NEWYO044,6013318002075,02/27/2018,3004311705347,57129.24,9129.24
NEWYO044,6013318002075,02/27/2018,3004311705347,91406.79,14606.79
NEWYO044,6013318002075,02/27/2018,3004311705347,47607.70,7607.70
NEWYO044,6013318002075,02/27/2018,3004311705347,99024.02,15824.02
NEWYO044,6013318002075,02/27/2018,3004311705347,61890.01,9890.01
NEWYO044,6013318002075,02/27/2018,3004311705347,35229.70,5629.70
NEWYO044,6013318002075,02/27/2018,3004311705347,3046.89,486.89
NEWYO044,6013318002075,02/27/2018,3004311705347,5712.92,912.92
NEWYO044,6013318002075,02/27/2018,3004311705347,5712.92,912.92
NEWYO044,6013318002075,02/27/2018,3004311705347,10211.85,1631.85
NEWYO044,6013318002075,02/27/2018,3004311705347,142347.03,22747.03
NEWYO044,6013318002075,02/27/2018,3004311705347,71173.52,11373.52
NEWYO044,6013318002075,02/27/2018,3004311705347,71173.52,11373.52
NEWYO044,6013318002074,02/27/2018,3004311705346,17329.20,2769.20
NEWYO044,6013318002075,02/27/2018,3004311705347,17329.20,2769.20
NEWYO044,6013318002074,02/27/2018,3004311705346,4760.77,760.77
NEWYO044,6013318002074,02/27/2018,3004311705346,4022.85,642.85
NEWYO044,6013318002074,02/27/2018,3004311705346,4022.85,642.85
NEWYO044,6013318002074,02/27/2018,3004311705346,30945.01,4945.01
NEWYO044,6013318002074,02/27/2018,3004311705346,5712.92,912.92
NEWYO044,6013318002074,02/27/2018,3004311705346,10521.30,1681.30
NEWYO044,6013318002074,02/27/2018,3004311705346,9521.54,1521.54
NEWYO044,6013318002075,02/27/2018,3004311705347,4760.77,760.77
NEWYO044,6013318002075,02/27/2018,3004311705347,4022.85,642.85
NEWYO044,6013318002075,02/27/2018,3004311705347,4022.85,642.85
NEWYO044,6013318002075,02/27/2018,3004311705347,30945.01,4945.01
NEWYO044,6013318002075,02/27/2018,3004311705347,5712.92,912.92
NEWYO044,6013318002075,02/27/2018,3004311705347,10521.30,1681.30
NEWYO044,6013318002075,02/27/2018,3004311705347,9521.54,1521.54
NEWYO044,6013318002074,02/27/2018,3004311705346,3808.62,608.62
NEWYO044,6013318002075,02/27/2018,3004311705347,3808.62,608.62
NEWYO044,6023318001061,02/28/2018,3004311800487,591.91,189.41
NEWYO044,6023318001061,02/28/2018,3004311800487,1323.53,423.53
NEWYO044,6013318002074,02/27/2018,3004311705346,0.00,0.00
NEWYO044,6013318002075,02/27/2018,3004311705347,0.00,0.00
NEWYO044,6013318001450,02/07/2018,3004311800047,11.14,1.11
NEWYO044,6013318001461,02/07/2018,3004311800212,0.00,0.00
NEWYO044,6013318001462,02/07/2018,3004311800214,0.00,0.00
NEWYO044,6013318001463,02/07/2018,3004311800218,0.00,0.00
NEWYO044,6013318001491,02/07/2018,3004311800209,0.00,0.00
NEWYO044,6013318001492,02/07/2018,3004311800210,0.00,0.00
NEWYO044,6013318001493,02/07/2018,3004311800211,0.00,0.00
NEWYO044,6013318001494,02/07/2018,3004311800212,0.00,0.00
NEWYO044,6013318001495,02/07/2018,3004311800213,0.00,0.00
NEWYO044,6013318001496,02/07/2018,3004311800214,0.00,0.00
NEWYO044,6013318001498,02/07/2018,3004311800218,0.00,0.00
NEWYO044,6013318001602,02/09/2018,3004311800209,0.00,0.00
NEWYO044,6013318001603,02/09/2018,3004311800210,0.00,0.00
NEWYO044,6013318001604,02/09/2018,3004311800211,0.00,0.00
NEWYO044,6013318001605,02/09/2018,3004311800212,0.00,0.00
NEWYO044,6013318001606,02/09/2018,3004311800213,0.00,0.00
NEWYO044,6013318001607,02/09/2018,3004311800214,0.00,0.00
NEWYO044,6013318001608,02/09/2018,3004311800218,0.00,0.00
NEWYO044,6013318001923,02/19/2018,3004311800209,0.00,0.00
NEWYO044,6013318001924,02/19/2018,3004311800210,0.00,0.00
NEWYO044,6013318001925,02/19/2018,3004311800211,0.00,0.00
NEWYO044,6013318001926,02/19/2018,3004311800212,0.00,0.00
NEWYO044,6013318001927,02/19/2018,3004311800213,0.00,0.00
NEWYO044,6013318001928,02/19/2018,3004311800214,0.00,0.00
NEWYO044,6013318001929,02/19/2018,3004311800218,0.00,0.00
NEWYO044,6013318002074,02/27/2018,3004311705346,4139.69,661.52
NEWYO044,6013318002075,02/27/2018,3004311705347,4456.12,712.09
NEWYO044,6013317013031,11/22/2017,3004311705827,598.00,59.80
NEWYO044,6013317013031,11/22/2017,3004311705827,140.00,14.00
NEWYO044,6013317013031,11/22/2017,3004311705827,0.00,0.00
NEWYO044,6013318000842,01/28/2018,3004311800218,887.75,108.27
NEWYO044,6013318000842,01/28/2018,3004311800218,431.14,52.58
NEWYO044,6013318000842,01/28/2018,3004311800218,355.34,43.34
NEWYO044,6013318000842,01/28/2018,3004311800218,2043.18,249.18
NEWYO044,6013318000842,01/28/2018,3004311800218,8528.07,1040.07
NEWYO044,6013318000842,01/28/2018,3004311800218,11548.43,1408.43
NEWYO044,6013318000842,01/28/2018,3004311800218,3584.98,437.22
NEWYO044,6013318000842,01/28/2018,3004311800218,10349.17,1262.17
NEWYO044,6013318000842,01/28/2018,3004311800218,0.00,0.00
NEWYO044,6013318004721,04/20/2018,3004311801742,4760.00,535.50
NEWYO044,6013318004461,04/13/2018,3004311801549,95.00,10.00
NEWYO044,6013318004461,04/13/2018,3004311801549,0.00,0.00
NEWYO044,6013318004721,04/20/2018,3004311801742,0.00,0.00
BNPPA002,6013318008505,07/04/2018,3004311803138,1105.56,110.56
BNPPA002,6013318008505,07/04/2018,3004311803138,8003.47,800.35
BNPPA002,6013318008505,07/04/2018,3004311803138,6000.00,600.00
BNPPA002,6013318008505,07/04/2018,3004311803138,14932.34,1493.24
BNPPA002,6013318008391,07/05/2018,3004311802793,41666.67,4166.67
BNPPA002,6013318008391,07/05/2018,3004311802793,56.39,5.64
BNPPA002,6013318008505,07/04/2018,3004311803138,0.00,0.00
ITGIN001,6023318002968,07/30/2018,3004311800931,9337.29,3532.29
NYULA002,6023318003034,07/31/2018,3004311802019,12122.00,1102.00
MSGSP001,6013318008849,07/13/2018,3004311803311,2308.35,545.61
MSGSP001,6013318009005,07/18/2018,3004311803311,495.00,117.00
MSGSP001,6013318008849,07/13/2018,3004311803311,374.00,88.40
MSGSP001,6013318008960,07/17/2018,3004311803366,632.50,149.50
MSGSP001,6013318008849,07/13/2018,3004311803311,519.75,122.85
MSGSP001,6013318008658,07/06/2018,3004311702560,178.94,19.74
MSGSP001,6013318008658,07/06/2018,3004311702560,178.94,19.74
MSGSP001,6013318008658,07/06/2018,3004311702560,178.94,19.74
MSGSP001,6013318008658,07/06/2018,3004311702560,178.94,19.74
MSGSP001,6013318008658,07/06/2018,3004311702560,178.94,19.74
MSGSP001,6013318008658,07/06/2018,3004311702560,178.94,19.74
MSGSP001,6013318008658,07/06/2018,3004311702560,178.94,19.74
MSGSP001,6013318008658,07/06/2018,3004311702560,89.02,9.82
MSGSP001,6013318008658,07/06/2018,3004311702560,358.77,39.57
MSGSP001,6013318009119,07/16/2018,3004311702350,179.53,20.33
MSGSP001,6013318009119,07/16/2018,3004311702350,89.31,10.11
MSGSP001,6013318008849,07/13/2018,3004311803311,44.00,10.40
MSGSP001,6013318008849,07/13/2018,3004311803311,715.00,169.00
MSGSP001,6013318008849,07/13/2018,3004311803311,495.00,117.00
MSGSP001,6013318008658,07/06/2018,3004311702560,0.00,0.00
MSGSP001,6013318008849,07/13/2018,3004311803311,41.13,9.72
MSGSP001,6013318008960,07/17/2018,3004311803366,20.04,4.74
MSGSP001,6013318009005,07/18/2018,3004311803311,38.58,9.12
MSGSP001,6013318009119,07/16/2018,3004311702350,0.00,0.00
MARSH010,6023318002948,07/27/2018,3004311801057,14467.26,4864.76
MUSEU005,6013318009681,07/29/2018,3004311803371,1219.00,161.00
MUSEU005,6013318008737,07/12/2018,3004311803305,86.91,6.28
MUSEU005,6013318008503,07/04/2018,3004311802514,1712.93,288.91
MUSEU005,6013318008503,07/04/2018,3004311802514,1566.72,264.25
MUSEU005,6033318800352,07/09/2018,3004311801429,12332.85,7199.72
MUSEU005,6023318002895,07/11/2018,3004311801087,0.00,-508.75
MUSEU005,6023318003193,07/31/2018,3004311800703,20664.00,10455.00
MUSEU005,6013318008503,07/04/2018,3004311802514,3909.36,659.36
MUSEU005,6013318008503,07/04/2018,3004311802514,231.53,39.05
MUSEU005,6013318009681,07/29/2018,3004311803371,62.70,8.28
MUSEU005,6013318008737,07/12/2018,3004311803305,0.00,0.00
NASSA017,6013318009482,07/27/2018,3004311802129,22661.81,2911.31
NASSA017,6013318008963,07/17/2018,3004311803385,19514.16,1393.88
NASSA017,6013318009158,07/19/2018,3004311803324,3322.04,1068.15
NASSA017,6013318009158,07/19/2018,3004311803324,22303.95,7171.50
NASSA017,6013318009482,07/27/2018,3004311802129,1298.85,166.86
NASSA017,6013318008963,07/17/2018,3004311803385,0.00,0.00
NASSA017,6013318009158,07/19/2018,3004311803324,0.00,0.00
NEWYO008,6013318008952,07/17/2018,3004311803089,11940.00,1194.00
NEWYO008,6013318008953,07/17/2018,3004311803093,11940.00,1194.00
NEWYO008,6013318009628,07/31/2018,3004311803569,1299.99,129.99
NEWYO008,6013318009628,07/31/2018,3004311803569,3813.29,381.29
NEWYO008,6033318800370,07/29/2018,3004311705098,17512.78,5929.19
NEWYO008,6033318800370,07/29/2018,3004311705098,31929.07,10810.02
NEWYO008,6033318800370,07/29/2018,3004311705098,88752.72,30048.43
NEWYO008,6023318002181CN,07/11/2018,3004311706187,-14300.00,-7895.00
NEWYO008,6023318002708CN,07/31/2018,3004311802670,-10400.00,-5800.00
NEWYO008,6023318003244,07/30/2018,3004311802670,10400.00,5800.00
NEWYO008,6023318003032,07/31/2018,3004311801826,21000.00,10500.00
NEWYO008,6013318008952,07/17/2018,3004311803089,15.93,1.59
NEWYO008,6013318008953,07/17/2018,3004311803093,12.20,1.22
NEWYO008,6013318009628,07/31/2018,3004311803569,370.06,37.00
BETHI002,6013318009262,07/20/2018,3004311803439,28116.60,2291.12
BETHI002,6013318009262,07/20/2018,3004311803439,0.00,0.00
MONTE010,6013318008448,07/05/2018,3004311803189,201983.99,7188.77
MONTE010,6013318008448,07/05/2018,3004311803189,147711.57,5257.17
MONTE010,6013318008448,07/05/2018,3004311803189,0.00,0.00
MOUNT041,6013318009177,07/19/2018,3004311802720,1732.73,139.73
MOUNT041,6013318008383,07/03/2018,3004311802880,4900.00,400.00
MOUNT041,6013318009002,07/18/2018,3004311803269,979.33,79.33
MOUNT041,6013318009490,07/27/2018,3004311803270,4628.05,377.80
MOUNT041,6013318009586,07/28/2018,3004311803038,9256.10,755.60
MOUNT041,6013318009727,07/30/2018,3004311802886,93.10,7.60
MOUNT041,6013318009727,07/30/2018,3004311802886,98.00,8.00
MOUNT041,6013318009727,07/30/2018,3004311802886,1225.00,100.00
MOUNT041,6013318009727,07/30/2018,3004311802886,499.80,40.80
MOUNT041,6013318009727,07/30/2018,3004311802886,10397.80,848.80
MOUNT041,6013318009728,07/30/2018,3004311802887,46.55,3.80
MOUNT041,6013318009728,07/30/2018,3004311802887,49.00,4.00
MOUNT041,6013318009728,07/30/2018,3004311802887,612.50,50.00
MOUNT041,6013318009728,07/30/2018,3004311802887,249.90,20.40
MOUNT041,6013318009728,07/30/2018,3004311802887,5198.90,424.40
MOUNT041,6013318009739,07/29/2018,3004311803293,48.97,3.97
MOUNT041,6013318009739,07/29/2018,3004311803293,1248.82,101.32
MOUNT041,6013318009739,07/29/2018,3004311803293,612.17,49.67
MOUNT041,6013318009739,07/29/2018,3004311803293,5196.07,421.57
MOUNT041,6013318009739,07/29/2018,3004311803293,14.69,1.19
MOUNT041,6013318009177,07/19/2018,3004311802720,246.04,19.84
MOUNT041,6013318008383,07/03/2018,3004311802880,34.27,2.80
MOUNT041,6013318009002,07/18/2018,3004311803269,7.66,0.62
MOUNT041,6013318009177,07/19/2018,3004311802720,59.19,4.77
MOUNT041,6013318009490,07/27/2018,3004311803270,13.73,1.12
MOUNT041,6013318009586,07/28/2018,3004311803038,23.67,1.93
MOUNT041,6013318009727,07/30/2018,3004311802886,235.10,19.19
MOUNT041,6013318009728,07/30/2018,3004311802887,115.44,9.42
MOUNT041,6013318009739,07/29/2018,3004311803293,31.06,2.52
BNPPA002,6013318010783,08/20/2018,3004311803578,76259.88,7132.08
BNPPA002,6013318010788,08/20/2018,3004311803759,33823.35,19217.35
BNPPA002,6013318010788,08/20/2018,3004311803759,9872.13,5609.03
BNPPA002,6013318010788,08/20/2018,3004311803759,194.52,110.52
BNPPA002,6013318011411,08/31/2018,3004311803578,10167.98,950.94
BNPPA002,6013318011408,08/31/2018,3004311803543,611.01,81.45
BNPPA002,6013318011408,08/31/2018,3004311803543,17482.50,2330.50
BNPPA002,6013318010783,08/20/2018,3004311803578,15391.90,1439.50
BNPPA002,6013318010783,08/20/2018,3004311803578,55970.55,5234.55
BNPPA002,6013318011411,08/31/2018,3004311803578,746.27,69.79
BNPPA002,6013318011411,08/31/2018,3004311803578,16791.17,1570.37
BNPPA002,6013318011411,08/31/2018,3004311803578,2052.25,191.93
BNPPA002,6013318010673,08/19/2018,3004311803574,180671.32,43083.32
BNPPA002,6013318010947,08/22/2018,3004311803566,91103.85,22309.85
BNPPA002,6013318011412,08/31/2018,3004311803580,53375.15,12724.15
BNPPA002,6013318010783,08/20/2018,3004311803578,13992.64,1308.64
BNPPA002,6013318010673,08/19/2018,3004311803574,52558.93,12533.33
BNPPA002,6013318010783,08/20/2018,3004311803578,10494.48,981.48
BNPPA002,6013318010947,08/22/2018,3004311803566,26502.94,6490.14
BNPPA002,6013318011408,08/31/2018,3004311803543,285.28,38.03
BNPPA002,6013318011408,08/31/2018,3004311803543,393.36,52.44
BNPPA002,6013318011411,08/31/2018,3004311803578,1865.69,174.49
BNPPA002,6013318011411,08/31/2018,3004311803578,3358.23,314.07
BNPPA002,6013318011412,08/31/2018,3004311803580,13138.50,3132.10
BNPPA002,6013318011408,08/31/2018,3004311803543,2282.23,304.23
BNPPA002,6013318011408,08/31/2018,3004311803543,26215.01,3494.59
BNPPA002,6013318011408,08/31/2018,3004311803543,941.43,125.50
BNPPA002,6013318011408,08/31/2018,3004311803543,713.20,95.07
BNPPA002,6013318011409,08/31/2018,3004311803566,5085.31,1245.31
BNPPA002,6013318011410,08/31/2018,3004311803574,10084.86,2404.86
BNPPA002,6013318011412,08/31/2018,3004311803580,2520.98,600.98
BNPPA002,6013318011408,08/31/2018,3004311803543,8999.70,1199.70
BNPPA002,6013318011408,08/31/2018,3004311803543,12800.35,1706.35
BNPPA002,6013318011409,08/31/2018,3004311803566,11553.19,2829.19
BNPPA002,6013318011410,08/31/2018,3004311803574,22911.54,5463.54
BNPPA002,6013318011411,08/31/2018,3004311803578,6135.84,573.84
BNPPA002,6013318011411,08/31/2018,3004311803578,24424.24,2284.24
BNPPA002,6013318011412,08/31/2018,3004311803580,6767.25,1613.25
BNPPA002,6913018001874,08/31/2018,3004311705507,0.00,0.00
BNPPA002,6013318010673,08/19/2018,3004311803574,0.00,0.00
BNPPA002,6013318010783,08/20/2018,3004311803578,0.00,0.00
BNPPA002,6013318010947,08/22/2018,3004311803566,0.00,0.00
BNPPA002,6013318011408,08/31/2018,3004311803543,0.00,0.00
BNPPA002,6013318011409,08/31/2018,3004311803566,0.00,0.00
BNPPA002,6013318011410,08/31/2018,3004311803574,0.00,0.00
BNPPA002,6013318011411,08/31/2018,3004311803578,0.00,0.00
BNPPA002,6013318011412,08/31/2018,3004311803580,0.00,0.00
BNPPA002,6013318010192,08/08/2018,3004311803684,231087.14,23397.14
BNPPA002,6013318010193,08/08/2018,3004311803685,115543.57,11698.57
BNPPA002,6013318010192,08/08/2018,3004311803684,8400.00,920.00
BNPPA002,6013318010193,08/08/2018,3004311803685,4200.00,460.00
BNPPA002,6013318010192,08/08/2018,3004311803684,91006.21,9214.21
BNPPA002,6013318010193,08/08/2018,3004311803685,45503.10,4607.10
BNPPA002,6013318010192,08/08/2018,3004311803684,690.34,69.90
BNPPA002,6013318010193,08/08/2018,3004311803685,345.17,34.95
BNPPA002,6013318010673,08/19/2018,3004311803574,1643.74,391.97
BNPPA002,6013318010783,08/20/2018,3004311803578,1330.85,124.47
BNPPA002,6013318010788,08/20/2018,3004311803759,1909.24,1084.77
BNPPA002,6013318010947,08/22/2018,3004311803566,854.69,209.30
BNPPA002,6013318011408,08/31/2018,3004311803543,599.93,79.97
BNPPA002,6013318011409,08/31/2018,3004311803566,0.00,0.00
BNPPA002,6013318011410,08/31/2018,3004311803574,0.00,0.00
BNPPA002,6013318011411,08/31/2018,3004311803578,218.36,20.42
BNPPA002,6013318011412,08/31/2018,3004311803580,494.18,117.81
BNPPA002,6913018001874,08/31/2018,3004311705507,0.00,0.00
BNPPA006,6013318010522,08/15/2018,3004311803473,42.79,0.29
BNPPA006,6013318010522,08/15/2018,3004311803473,141194.90,944.90
BNPPA006,6013318010522,08/15/2018,3004311803473,1506.08,10.08
BNPPA006,6013318010522,08/15/2018,3004311803473,42.79,0.29
BNPPA006,6013318010522,08/15/2018,3004311803473,25.67,0.17
BNPPA006,6013318010522,08/15/2018,3004311803473,120700.24,807.74
BNPPA006,6013318010522,08/15/2018,3004311803473,1.71,0.01
BNPPA006,6013318010522,08/15/2018,3004311803473,147223.53,985.24
BNPPA006,6013318010522,08/15/2018,3004311803473,445821.51,2983.50
BNPPA006,6013318010522,08/15/2018,3004311803473,41161.24,275.46
BNPPA006,6013318010522,08/15/2018,3004311803473,5228.74,34.99
BNPPA006,6013318010522,08/15/2018,3004311803473,394282.59,2638.59
BNPPA006,6013318010522,08/15/2018,3004311803473,98570.65,659.65
BNPPA006,6013318010522,08/15/2018,3004311803473,81104.01,542.76
BNPPA006,6013318010522,08/15/2018,3004311803473,1121.25,7.50
BNPPA006,6013318010522,08/15/2018,3004311803473,302052.76,2021.38
BNPPA006,6013318010522,08/15/2018,3004311803473,0.00,0.00
ITGIN001,6023318003289,08/20/2018,3004311800931,22198.53,7103.53
ITGIN001,6023318003580,08/31/2018,3004311802479,0.00,-10225.00
MSGSP001,6913018001791,08/20/2018,3004311803311,-374.00,-88.40
MSGSP001,6913018001791,08/20/2018,3004311803311,0.00,0.00
MUSEU005,6013318010078,08/05/2018,3004311802497,4019.13,539.23
MUSEU005,6013318010078,08/05/2018,3004311802497,4768.23,639.73
MUSEU005,6013318010078,08/05/2018,3004311802497,2621.86,351.76
MUSEU005,6013318010078,08/05/2018,3004311802497,2303.10,309.00
MUSEU005,6013318010078,08/05/2018,3004311802497,1910.70,256.35
MUSEU005,6013318010078,08/05/2018,3004311802497,2656.40,356.40
MUSEU005,6013318010078,08/05/2018,3004311802497,7676.99,1029.99
MUSEU005,6013318010078,08/05/2018,3004311802497,119.54,16.04
MUSEU005,6013318010078,08/05/2018,3004311802497,349.05,46.83
MUSEU005,6013318010078,08/05/2018,3004311802497,173.73,23.31
MUSEU005,6013318010078,08/05/2018,3004311802497,2940.63,394.53
MUSEU005,6013318010078,08/05/2018,3004311802497,53.13,7.13
MUSEU005,6013318010078,08/05/2018,3004311802497,106.26,14.26
MUSEU005,6013318010078,08/05/2018,3004311802497,53.13,7.13
MUSEU005,6013318010078,08/05/2018,3004311802497,53.13,7.13
MUSEU005,6013318010078,08/05/2018,3004311802497,100.94,13.54
MUSEU005,6013318010078,08/05/2018,3004311802497,50.47,6.77
MUSEU005,6013318010078,08/05/2018,3004311802497,50.47,6.77
MUSEU005,6013318010078,08/05/2018,3004311802497,2018.86,270.86
MUSEU005,6013318010078,08/05/2018,3004311802497,1009.43,135.43
MUSEU005,6013318010078,08/05/2018,3004311802497,1009.43,135.43
MUSEU005,6013318010078,08/05/2018,3004311802497,1354.76,181.76
MUSEU005,6013318010078,08/05/2018,3004311802497,1221.94,163.94
MUSEU005,6013318010078,08/05/2018,3004311802497,1221.94,163.94
MUSEU005,6013318010078,08/05/2018,3004311802497,20773.02,2787.02
MUSEU005,6013318010078,08/05/2018,3004311802497,2709.52,363.52
MUSEU005,6013318010078,08/05/2018,3004311802497,1354.76,181.76
MUSEU005,6013318010078,08/05/2018,3004311802497,743.79,99.79
MUSEU005,6013318010078,08/05/2018,3004311802497,371.90,49.90
MUSEU005,6013318010078,08/05/2018,3004311802497,8293.27,1112.67
MUSEU005,6013318010078,08/05/2018,3004311802497,12899.46,1730.66
MUSEU005,6013318010078,08/05/2018,3004311802497,6449.73,865.33
MUSEU005,6013318010078,08/05/2018,3004311802497,2975.16,399.16
MUSEU005,6013318010078,08/05/2018,3004311802497,5312.79,712.79
MUSEU005,6013318010078,08/05/2018,3004311802497,2465.14,330.74
MUSEU005,6013318010078,08/05/2018,3004311802497,451.59,60.59
MUSEU005,6013318010078,08/05/2018,3004311802497,4005.85,537.45
MUSEU005,6013318010078,08/05/2018,3004311802497,754.14,101.18
MUSEU005,6013318010078,08/05/2018,3004311802497,2676.84,359.14
MUSEU005,6013318010078,08/05/2018,3004311802497,184.09,24.70
MUSEU005,6013318010078,08/05/2018,3004311802497,720.35,96.65
MUSEU005,6013318010078,08/05/2018,3004311802497,170.75,22.91
MUSEU005,6013318010078,08/05/2018,3004311802497,6203.03,832.23
MUSEU005,6013318010078,08/05/2018,3004311802497,1860.91,249.67
MUSEU005,6033318800401,08/09/2018,3004311801429,12332.85,7199.72
MUSEU005,6023318003395,08/29/2018,3004311705014,1025.00,450.00
MUSEU005,6023318003381,08/29/2018,3004311800703,14112.00,7140.00
MUSEU005,6023318003657,08/31/2018,3004311800703,3276.00,1657.50
MUSEU005,6013318010078,08/05/2018,3004311802497,1768.54,237.28
NASSA017,6913018001830,08/27/2018,3004311802129,0.00,0.00
NASSA017,6913018001830,08/27/2018,3004311802129,0.00,0.00
NEWYO008,6013318010754,08/19/2018,3004311803924,4612.78,517.78
NEWYO008,6013318010754,08/19/2018,3004311803924,25304.38,2840.38
NEWYO008,6013318010754,08/19/2018,3004311803924,79063.05,8874.73
NEWYO008,6013318010754,08/19/2018,3004311803924,4612.78,517.78
NEWYO008,6013318010754,08/19/2018,3004311803924,2635.87,295.87
NEWYO008,6013318010754,08/19/2018,3004311803924,80737.03,9062.63
NEWYO008,6013318010754,08/19/2018,3004311803924,65883.68,7395.36
NEWYO008,6013318010755,08/19/2018,3004311803923,4643.30,548.30
NEWYO008,6013318010755,08/19/2018,3004311803923,16981.20,2005.20
NEWYO008,6013318010755,08/19/2018,3004311803923,39793.06,4698.90
NEWYO008,6013318010755,08/19/2018,3004311803923,2321.65,274.15
NEWYO008,6013318010755,08/19/2018,3004311803923,5306.62,626.62
NEWYO008,6013318010755,08/19/2018,3004311803923,162542.36,19193.56
NEWYO008,6013318010755,08/19/2018,3004311803923,66319.56,7831.24
NEWYO008,6013318010754,08/19/2018,3004311803924,16273.84,1826.72
NEWYO008,6013318010754,08/19/2018,3004311803924,19529.25,2192.13
NEWYO008,6013318010754,08/19/2018,3004311803924,20833.04,2338.48
NEWYO008,6013318010755,08/19/2018,3004311803923,16381.50,1934.38
NEWYO008,6013318010755,08/19/2018,3004311803923,9829.23,1160.67
NEWYO008,6013318010755,08/19/2018,3004311803923,41941.74,4952.62
NEWYO008,6013318010889,08/21/2018,3004311803857,1299.99,129.99
NEWYO008,6013318010889,08/21/2018,3004311803857,3813.29,381.29
NEWYO008,6033318800428,08/29/2018,3004311705098,17514.98,5922.63
NEWYO008,6033318800428,08/29/2018,3004311705098,31933.08,10798.06
NEWYO008,6033318800428,08/29/2018,3004311705098,88763.85,30015.19
NEWYO008,6023318003301,08/24/2018,3004311706187,3640.00,1950.00
NEWYO008,6023318003497,08/30/2018,3004311706187,11180.00,6235.00
NEWYO008,6023318003558,08/30/2018,3004311802670,33020.00,17610.00
NEWYO008,6023318003498,08/30/2018,3004311801826,24937.50,12468.75
NEWYO008,6013318010754,08/19/2018,3004311803924,2751.62,308.87
NEWYO008,6013318010755,08/19/2018,3004311803923,3626.71,428.25
NEWYO008,6013318010889,08/21/2018,3004311803857,374.14,37.41
MONTE010,6013318011098,08/27/2018,3004311803623,124.00,8.00
MONTE010,6013318011098,08/27/2018,3004311803623,27528.00,1776.00
MONTE010,6013318011098,08/27/2018,3004311803623,3720.00,240.00
MONTE010,6013318011098,08/27/2018,3004311803623,69588.80,4489.60
MONTE010,6013318011098,08/27/2018,3004311803623,229.40,14.80
MONTE010,6013318011098,08/27/2018,3004311803623,303.80,19.60
MONTE010,6013318011098,08/27/2018,3004311803623,9114.00,588.00
MONTE010,6013318011098,08/27/2018,3004311803623,0.00,0.00
MOUNT041,6013318009933,08/01/2018,3004311802885,48.96,3.96
MOUNT041,6013318009933,08/01/2018,3004311802885,46.51,3.76
MOUNT041,6013318009933,08/01/2018,3004311802885,5194.68,420.18
MOUNT041,6013318009933,08/01/2018,3004311802885,612.00,49.50
MOUNT041,6013318009933,08/01/2018,3004311802885,14.69,1.19
MOUNT041,6013318010460,08/14/2018,3004311803269,97.93,7.93
MOUNT041,6013318010460,08/14/2018,3004311803269,249.73,20.23
MOUNT041,6013318010460,08/14/2018,3004311803269,5195.36,420.86
MOUNT041,6013318010460,08/14/2018,3004311803269,612.08,49.58
MOUNT041,6013318010460,08/14/2018,3004311803269,14.69,1.19
MOUNT041,6013318010606,08/15/2018,3004311803626,563.50,46.00
MOUNT041,6013318009933,08/01/2018,3004311802885,472.41,38.21
MOUNT041,6013318009949,08/03/2018,3004311803293,472.54,38.34
MOUNT041,6013318010594,08/16/2018,3004311803269,472.47,38.27
MOUNT041,6013318009933,08/01/2018,3004311802885,107.52,8.70
MOUNT041,6013318009949,08/03/2018,3004311803293,0.00,0.00
MOUNT041,6013318010460,08/14/2018,3004311803269,23.24,1.88
MOUNT041,6013318010594,08/16/2018,3004311803269,0.00,0.00
MOUNT041,6013318010606,08/15/2018,3004311803626,15.34,1.25
BNPPA002,6013318011740,09/10/2018,3004311803579,35371.67,7720.55
BNPPA002,6013318011740,09/10/2018,3004311803579,29476.39,6433.79
BNPPA002,6013318011502,09/03/2018,3004311804144,301.60,0.00
BNPPA002,6013318011726,09/10/2018,3004311803576,66559.11,15823.11
BNPPA002,6013318011740,09/10/2018,3004311803579,2596.09,566.65
BNPPA002,6013318011740,09/10/2018,3004311803579,58411.93,12749.53
BNPPA002,6013318011740,09/10/2018,3004311803579,7139.24,1558.28
BNPPA002,6013318011740,09/10/2018,3004311803579,5949.36,1298.56
BNPPA002,6013318011740,09/10/2018,3004311803579,21634.05,4722.05
BNPPA002,6013318011740,09/10/2018,3004311803579,5408.51,1180.51
BNPPA002,6013318011726,09/10/2018,3004311803576,26623.64,6329.24
BNPPA002,6013318011726,09/10/2018,3004311803576,26623.64,6329.24
BNPPA002,6013318011740,09/10/2018,3004311803579,6490.21,1416.61
BNPPA002,6013318011740,09/10/2018,3004311803579,11682.39,2549.91
BNPPA002,6013318011740,09/10/2018,3004311803579,4056.38,885.38
BNPPA002,6013318011726,09/10/2018,3004311803576,26526.04,6306.04
BNPPA002,6013318011740,09/10/2018,3004311803579,21344.94,4658.94
BNPPA002,6013318011740,09/10/2018,3004311803579,9440.59,2060.59
BNPPA002,6913018002188,09/28/2018,3004311803543,-417.81,-55.70
BNPPA002,6913018002188,09/28/2018,3004311803543,-84.92,-11.32
BNPPA002,6013318011726,09/10/2018,3004311803576,0.00,0.00
BNPPA002,6013318011740,09/10/2018,3004311803579,0.00,0.00
BNPPA002,6013318011502,09/03/2018,3004311804144,7.04,0.00
BNPPA002,6013318011726,09/10/2018,3004311803576,691.59,164.41
BNPPA002,6013318011740,09/10/2018,3004311803579,1260.17,275.06
BNPPA002,6913018002188,09/28/2018,3004311803543,0.00,0.00
BNPPA006,6913018002064,09/24/2018,3004311803473,0.00,0.00
BNPPA006,6913018002064,09/24/2018,3004311803473,0.00,0.00
LACOS001,6013318012377,09/26/2018,3004311804416,16420.32,1792.32
LACOS001,6013318012377,09/26/2018,3004311804416,11308.33,1234.33
LACOS001,6013318012063,09/19/2018,3004311804416,7229.07,789.07
LACOS001,6013318012063,09/19/2018,3004311804416,2107.27,230.01
LACOS001,6013318012377,09/26/2018,3004311804416,2027.75,221.33
LACOS001,6013318012377,09/26/2018,3004311804416,1053.64,115.01
LACOS001,6013318012063,09/19/2018,3004311804416,0.00,0.00
LACOS001,6013318012377,09/26/2018,3004311804416,1199.36,130.91
NYULA002,6013318012004,09/13/2018,3004311804330,6000.00,0.00
NYULA002,6013318012004,09/13/2018,3004311804330,920.00,20.00
NYULA002,6013318012004,09/13/2018,3004311804330,9904.00,0.00
NYULA002,6013318012004,09/13/2018,3004311804330,15919.99,3219.99
NYULA002,6013318012004,09/13/2018,3004311804330,3897.26,788.26
NYULA002,6013318012004,09/13/2018,3004311804330,0.00,0.00
MSGSP001,6013318012563,09/24/2018,3004311702560,178.94,19.74
MSGSP001,6013318012563,09/24/2018,3004311702560,178.94,19.74
MSGSP001,6013318012563,09/24/2018,3004311702560,178.94,19.74
MSGSP001,6013318012563,09/24/2018,3004311702560,178.94,19.74
MSGSP001,6013318012563,09/24/2018,3004311702560,178.94,19.74
MSGSP001,6013318012563,09/24/2018,3004311702560,178.94,19.74
MSGSP001,6013318012563,09/24/2018,3004311702560,178.94,19.74
MSGSP001,6013318012564,09/24/2018,3004311702560,178.94,19.74
MSGSP001,6013318012563,09/24/2018,3004311702560,0.00,0.00
MSGSP001,6013318012564,09/24/2018,3004311702560,0.00,0.00
MIZUH003,6013318012686,09/30/2018,3004311804623,1501.50,346.50
MIZUH003,6013318012687,09/30/2018,3004311804623,1501.50,346.50
MIZUH003,6013318012689,09/30/2018,3004311804623,1501.50,346.50
MIZUH003,6013318012691,09/30/2018,3004311804623,1501.50,346.50
MIZUH003,6013318012693,09/30/2018,3004311804623,1501.50,346.50
MIZUH003,6013318012694,09/30/2018,3004311804623,1501.50,346.50
MIZUH003,6013318012695,09/30/2018,3004311804623,1501.50,346.50
MIZUH003,6013318012696,09/30/2018,3004311804623,1501.50,346.50
MIZUH003,6013318012686,09/30/2018,3004311804623,0.00,0.00
MIZUH003,6013318012687,09/30/2018,3004311804623,0.00,0.00
MIZUH003,6013318012689,09/30/2018,3004311804623,0.00,0.00
MIZUH003,6013318012691,09/30/2018,3004311804623,0.00,0.00
MIZUH003,6013318012693,09/30/2018,3004311804623,0.00,0.00
MIZUH003,6013318012694,09/30/2018,3004311804623,0.00,0.00
MIZUH003,6013318012695,09/30/2018,3004311804623,0.00,0.00
MIZUH003,6013318012696,09/30/2018,3004311804623,0.00,0.00
MOUNT041,6013318012272,09/23/2018,3004311804093,720.76,48.01
MOUNT041,6013318011672,09/07/2018,3004311804026,979.54,79.54
MOUNT041,6013318012367,09/25/2018,3004311804026,14.69,1.19
MOUNT041,6013318012367,09/25/2018,3004311804026,612.21,49.71
MOUNT041,6013318012367,09/25/2018,3004311804026,249.78,20.28
MOUNT041,6013318012367,09/25/2018,3004311804026,97.95,7.95
MOUNT041,6013318012367,09/25/2018,3004311804026,5456.02,443.02
MOUNT041,6013318011560,09/05/2018,3004311804093,1410.19,93.94
MOUNT041,6013318012158,09/20/2018,3004311804299,205.49,16.49
MOUNT041,6013318012367,09/25/2018,3004311804026,472.57,38.37
MOUNT041,6013318011560,09/05/2018,3004311804093,0.00,0.00
MOUNT041,6013318011672,09/07/2018,3004311804026,7.66,0.62
MOUNT041,6013318012158,09/20/2018,3004311804299,0.00,0.00
MOUNT041,6013318012272,09/23/2018,3004311804093,12.19,0.81
MOUNT041,6013318012367,09/25/2018,3004311804026,28.38,2.30
MUSEU005,6013318011685,09/09/2018,3004311804255,158319.29,11445.12
MUSEU005,6013318011685,09/09/2018,3004311804255,7662.58,553.94
MUSEU005,6033318800457,09/09/2018,3004311801429,12332.85,7199.72
MUSEU005,6023318003705,09/11/2018,3004311803331,0.00,0.00
MUSEU005,6023318004041,09/30/2018,3004311706585,3600.00,1360.00
MUSEU005,6023318003705,09/11/2018,3004311803331,13639.71,3000.74
MUSEU005,6023318003902,09/26/2018,3004311800703,6552.00,3315.00
MUSEU005,6023318004042,09/30/2018,3004311800703,756.00,382.50
MUSEU005,6013318012097,09/18/2018,3004311804141,6007.81,679.13
MUSEU005,6013318012097,09/18/2018,3004311804141,1590.56,179.80
MUSEU005,6013318011685,09/09/2018,3004311804255,0.00,0.00
MUSEU005,6013318012097,09/18/2018,3004311804141,0.00,0.00
NASSA017,6013318011878,09/13/2018,3004311804247,1259.17,269.83
NASSA017,6013318011878,09/13/2018,3004311804247,14448.15,3096.15
NASSA017,6013318011878,09/13/2018,3004311804247,2898.03,621.03
NASSA017,6013318011878,09/13/2018,3004311804247,6972.07,1494.07
NASSA017,6013318012472,09/25/2018,3004311804504,4793.18,611.88
NASSA017,6013318012472,09/25/2018,3004311804504,4793.18,611.88
NASSA017,6013318012472,09/25/2018,3004311804504,3674.59,469.09
NASSA017,6013318012472,09/25/2018,3004311804504,3674.59,469.09
NASSA017,6013318011878,09/13/2018,3004311804247,131.70,28.22
NASSA017,6013318012472,09/25/2018,3004311804504,0.00,0.00
NEWYO008,6013318011691,09/10/2018,3004311804212,2000.01,200.01
NEWYO008,6013318011691,09/10/2018,3004311804212,8000.06,800.06
NEWYO008,6013318011691,09/10/2018,3004311804212,51993.71,5199.71
NEWYO008,6013318011691,09/10/2018,3004311804212,29120.21,2912.21
NEWYO008,6033318800480,09/29/2018,3004311705098,17514.20,5923.60
NEWYO008,6033318800480,09/29/2018,3004311705098,66058.25,22342.03
NEWYO008,6023318003244CN,09/30/2018,3004311802670,-10400.00,-5800.00
NEWYO008,6023318004072,09/30/2018,3004311802670,8580.00,4785.00
NEWYO008,6013318011691,09/10/2018,3004311804212,98.37,9.84
MOUNT041,6013318011537,09/05/2018,3004311803584,1163.71,94.96
MOUNT041,6013318011537,09/05/2018,3004311803584,3165.28,258.28
MOUNT041,6013318011537,09/05/2018,3004311803584,4887.57,398.82
MOUNT041,6013318011537,09/05/2018,3004311803584,2792.90,227.90
MOUNT041,6013318012362,09/25/2018,3004311803882,14896.00,1216.00
MOUNT041,6013318011657,09/09/2018,3004311802697,3992.99,320.99
MOUNT041,6013318011657,09/09/2018,3004311802697,4492.11,361.11
MOUNT041,6013318011657,09/09/2018,3004311802697,4492.11,361.11
MOUNT041,6013318011657,09/09/2018,3004311802697,4492.11,361.11
MOUNT041,6013318011657,09/09/2018,3004311802697,8025.13,645.13
MOUNT041,6013318011734,09/11/2018,3004311804072,5641.94,507.74
MOUNT041,6013318011734,09/11/2018,3004311804072,2835.15,255.15
MOUNT041,6013318011757,09/12/2018,3004311804099,5686.31,313.31
MOUNT041,6013318011757,09/12/2018,3004311804099,1904.96,104.96
MOUNT041,6013318012049,09/19/2018,3004311804072,21873.16,1968.46
MOUNT041,6013318012146,09/14/2018,3004311803293,1949.10,158.10
MOUNT041,6013318012511,09/27/2018,3004311804072,3614.81,325.31
MOUNT041,6013318012511,09/27/2018,3004311804072,3614.81,325.31
MOUNT041,6013318012631,09/28/2018,3004311804072,42.53,3.83
MOUNT041,6013318012631,09/28/2018,3004311804072,42.53,3.83
MOUNT041,6013318012631,09/28/2018,3004311804072,1771.97,159.47
MOUNT041,6013318012631,09/28/2018,3004311804072,1771.97,159.47
MOUNT041,6013318012631,09/28/2018,3004311804072,141.76,12.76
MOUNT041,6013318012631,09/28/2018,3004311804072,141.76,12.76
MOUNT041,6013318012631,09/28/2018,3004311804072,15791.77,1421.17
MOUNT041,6013318012631,09/28/2018,3004311804072,15791.77,1421.17
MOUNT041,6013318012651,09/28/2018,3004311804303,4875.47,397.97
MOUNT041,6013318012651,09/28/2018,3004311804303,2449.99,199.99
MOUNT041,6013318011657,09/09/2018,3004311802697,2874.86,231.11
MOUNT041,6013318011657,09/09/2018,3004311802697,4491.84,361.09
MOUNT041,6013318012631,09/28/2018,3004311804072,1431.42,128.82
MOUNT041,6013318012631,09/28/2018,3004311804072,1431.42,128.82
MOUNT041,6013318011537,09/05/2018,3004311803584,267.89,21.86
MOUNT041,6013318011657,09/09/2018,3004311802697,102.48,8.24
MOUNT041,6013318011734,09/11/2018,3004311804072,15.47,1.39
MOUNT041,6013318011757,09/12/2018,3004311804099,14.90,0.82
MOUNT041,6013318012049,09/19/2018,3004311804072,131.78,11.86
MOUNT041,6013318012146,09/14/2018,3004311803293,7.66,0.62
MOUNT041,6013318012362,09/25/2018,3004311803882,263.26,21.49
MOUNT041,6013318012511,09/27/2018,3004311804072,66.88,6.02
MOUNT041,6013318012631,09/28/2018,3004311804072,171.93,15.47
MOUNT041,6013318012651,09/28/2018,3004311804303,18.45,1.51
NEWYO008,6013318012480,09/26/2018,3004311804522,1978.02,198.00
NEWYO008,6013318012481,09/26/2018,3004311804523,1978.02,198.00
NEWYO008,6013318012480,09/26/2018,3004311804522,0.00,0.00
NEWYO008,6013318012481,09/26/2018,3004311804523,0.00,0.00
BNPPA002,6013318013433,10/17/2018,3004311804344,22324.91,12684.95
BNPPA002,6013318013375,10/16/2018,3004311803567,43567.48,9530.68
BNPPA002,6013318013375,10/16/2018,3004311803567,3734.36,816.92
BNPPA002,6013318013375,10/16/2018,3004311803567,4979.14,1089.22
BNPPA002,6013318013375,10/16/2018,3004311803567,18671.78,4084.58
BNPPA002,6013318013375,10/16/2018,3004311803567,12447.85,2723.05
BNPPA002,6013318013860,10/27/2018,3004311805126,782.61,-92.39
BNPPA002,6013318013860,10/27/2018,3004311805126,1377.39,-162.61
BNPPA002,6013318013375,10/16/2018,3004311803567,12902.51,2822.51
BNPPA002,6013318013375,10/16/2018,3004311803567,5529.65,1209.65
BNPPA002,6013318013375,10/16/2018,3004311803567,3686.43,806.43
BNPPA002,6013318013375,10/16/2018,3004311803567,0.00,0.00
BNPPA002,6013318013375,10/16/2018,3004311803567,802.20,175.49
BNPPA002,6013318013433,10/17/2018,3004311804344,649.63,369.12
BNPPA002,6013318013860,10/27/2018,3004311805126,0.00,0.00
ITGIN001,6023318004170,10/24/2018,3004311800931,5898.34,1887.47
LACOS001,6013318013981,10/30/2018,3004311804958,1671.10,183.10
LACOS001,6013318013981,10/30/2018,3004311804958,31.18,3.42
NYULA002,6013318013870,10/23/2018,3004311804830,1436.17,159.37
NYULA002,6013318013870,10/23/2018,3004311804830,862.96,95.76
NYULA002,6013318013870,10/23/2018,3004311804830,862.96,95.76
NYULA002,6013318013870,10/23/2018,3004311804830,0.00,0.00
MOUNT041,6013318013431,10/17/2018,3004311804299,185.38,14.38
MOUNT041,6013318013671,10/18/2018,3004311804299,29.88,2.32
MOUNT041,6013318014055,10/31/2018,3004311804093,2408.41,194.41
MOUNT041,6013318014055,10/31/2018,3004311804093,318.18,25.68
MOUNT041,6013318014055,10/31/2018,3004311804093,113.13,9.13
MOUNT041,6013318014055,10/31/2018,3004311804093,39.60,3.20
MOUNT041,6013318013431,10/17/2018,3004311804299,23.90,1.85
MOUNT041,6013318013671,10/18/2018,3004311804299,20.49,1.59
MOUNT041,6013318014055,10/31/2018,3004311804093,35.58,2.87
MUSEU005,6013318014034,10/31/2018,3004311804161,3548.74,495.14
MUSEU005,6013318014034,10/31/2018,3004311804161,877.19,122.39
MUSEU005,6013318012829,10/02/2018,3004311804440,9036.62,1377.02
MUSEU005,6013318012829,10/02/2018,3004311804440,938.63,143.03
MUSEU005,6013318014034,10/31/2018,3004311804161,70001.18,9766.94
MUSEU005,6013318014034,10/31/2018,3004311804161,1225.84,171.04
MUSEU005,6013318014034,10/31/2018,3004311804161,1536.12,214.33
MUSEU005,6013318014034,10/31/2018,3004311804161,278.72,38.89
MUSEU005,6013318014034,10/31/2018,3004311804161,278.72,38.89
MUSEU005,6013318014034,10/31/2018,3004311804161,7974.67,1112.67
MUSEU005,6013318014034,10/31/2018,3004311804161,7974.67,1112.67
MUSEU005,6013318014034,10/31/2018,3004311804161,61.45,8.57
MUSEU005,6013318014034,10/31/2018,3004311804161,61.45,8.57
MUSEU005,6013318014034,10/31/2018,3004311804161,6.16,0.86
MUSEU005,6013318012829,10/02/2018,3004311804440,91.56,13.95
MUSEU005,6013318012829,10/02/2018,3004311804440,7270.24,1107.85
MUSEU005,6013318012829,10/02/2018,3004311804440,12737.76,1941.00
MUSEU005,6013318014034,10/31/2018,3004311804161,358.86,50.07
MUSEU005,6013318014034,10/31/2018,3004311804161,61.45,8.57
MUSEU005,6013318014034,10/31/2018,3004311804161,340.87,47.56
MUSEU005,6013318014034,10/31/2018,3004311804161,58.36,8.14
MUSEU005,6013318014034,10/31/2018,3004311804161,6818.34,951.33
MUSEU005,6013318014034,10/31/2018,3004311804161,1167.45,162.89
MUSEU005,6013318014034,10/31/2018,3004311804161,239.26,33.38
MUSEU005,6013318014034,10/31/2018,3004311804161,92.18,12.86
MUSEU005,6013318014034,10/31/2018,3004311804161,7459.39,1040.77
MUSEU005,6013318014034,10/31/2018,3004311804161,43565.57,6078.50
MUSEU005,6013318014034,10/31/2018,3004311804161,239.26,33.38
MUSEU005,6013318014034,10/31/2018,3004311804161,2791.25,389.45
MUSEU005,6013318014034,10/31/2018,3004311804161,61532.55,8585.35
MUSEU005,6013318014034,10/31/2018,3004311804161,23705.42,3307.51
MUSEU005,6013318014034,10/31/2018,3004311804161,1566.86,218.62
MUSEU005,6013318014034,10/31/2018,3004311804161,1674.68,233.66
MUSEU005,6013318014034,10/31/2018,3004311804161,1674.68,233.66
MUSEU005,6013318014034,10/31/2018,3004311804161,17225.28,2403.36
MUSEU005,6013318014034,10/31/2018,3004311804161,10167.76,1418.66
MUSEU005,6013318014034,10/31/2018,3004311804161,23844.26,3326.88
MUSEU005,6013318013047,10/03/2018,3004311704147,77.26,9.90
MUSEU005,6013318013047,10/03/2018,3004311704147,72.16,9.25
MUSEU005,6013318014034,10/31/2018,3004311804161,318.89,44.49
MUSEU005,6013318014034,10/31/2018,3004311804161,2352.42,328.22
MUSEU005,6013318014034,10/31/2018,3004311804161,129.05,18.01
MUSEU005,6013318014034,10/31/2018,3004311804161,9649.35,1346.33
MUSEU005,6013318014034,10/31/2018,3004311804161,16651.07,2323.25
MUSEU005,6013318014034,10/31/2018,3004311804161,3050.36,425.60
MUSEU005,6013318014034,10/31/2018,3004311804161,23684.51,3304.59
MUSEU005,6013318014034,10/31/2018,3004311804161,75359.80,10514.60
MUSEU005,6013318014034,10/31/2018,3004311804161,414.75,57.87
MUSEU005,6013318014034,10/31/2018,3004311804161,414.75,57.87
MUSEU005,6013318014034,10/31/2018,3004311804161,1726.61,240.91
MUSEU005,6013318014034,10/31/2018,3004311804161,6339.87,884.57
MUSEU005,6013318014034,10/31/2018,3004311804161,2093.96,292.16
MUSEU005,6013318014034,10/31/2018,3004311804161,4124.00,575.40
MUSEU005,6013318012829,10/02/2018,3004311804440,1181.92,180.10
MUSEU005,6013318014034,10/31/2018,3004311804161,977.95,136.45
MUSEU005,6013318014034,10/31/2018,3004311804161,107.38,14.98
MUSEU005,6013318014034,10/31/2018,3004311804161,6312.56,880.76
MUSEU005,6013318014034,10/31/2018,3004311804161,3156.28,440.38
MUSEU005,6013318014034,10/31/2018,3004311804161,574.93,80.22
MUSEU005,6013318014034,10/31/2018,3004311804161,841.16,117.36
MUSEU005,6013318014034,10/31/2018,3004311804161,2659.00,371.00
MUSEU005,6013318014034,10/31/2018,3004311804161,2659.00,371.00
MUSEU005,6013318014034,10/31/2018,3004311804161,6903.17,963.17
MUSEU005,6013318014034,10/31/2018,3004311804161,112.50,15.70
MUSEU005,6013318014034,10/31/2018,3004311804161,5.11,0.71
MUSEU005,6033318800512,10/09/2018,3004311801429,12332.85,7199.72
MUSEU005,6023318004372,10/31/2018,3004311706585,2250.00,557.50
MUSEU005,6023318004499,10/31/2018,3004311802934,2466.74,246.67
MUSEU005,6023318004499,10/31/2018,3004311802934,13000.00,1300.00
MUSEU005,6023318004499,10/31/2018,3004311802934,0.00,0.00
MUSEU005,6013318012829,10/02/2018,3004311804440,324.30,49.42
MUSEU005,6013318013047,10/03/2018,3004311704147,0.00,0.00
MUSEU005,6013318014034,10/31/2018,3004311804161,2416.82,337.21
NASSA017,6913018002379,10/31/2018,3004311802129,0.00,0.00
NASSA017,6913018002379,10/31/2018,3004311802129,0.00,0.00
NEWYO008,6013318013035,10/07/2018,3004311804000,1187.13,101.13
NEWYO008,6013318013035,10/07/2018,3004311804000,601.22,51.22
NEWYO008,6013318013035,10/07/2018,3004311804000,814.38,69.38
NEWYO008,6013318013035,10/07/2018,3004311804000,95128.94,8103.94
NEWYO008,6013318013035,10/07/2018,3004311804000,165.06,14.06
NEWYO008,6013318013035,10/07/2018,3004311804000,17735.90,1510.90
NEWYO008,6013318013035,10/07/2018,3004311804000,24507.79,2087.79
NEWYO008,6013318013035,10/07/2018,3004311804000,184453.40,15713.40
NEWYO008,6013318013035,10/07/2018,3004311804000,26180.27,2230.27
NEWYO008,6013318013035,10/07/2018,3004311804000,179616.33,15301.33
NEWYO008,6013318013035,10/07/2018,3004311804000,156720.89,13350.89
NEWYO008,6013318013035,10/07/2018,3004311804000,2550.36,217.26
NEWYO008,6013318013035,10/07/2018,3004311804000,8926.27,760.42
NEWYO008,6013318013019,10/05/2018,3004311700360,5405.50,569.00
NEWYO008,6033318800535,10/29/2018,3004311705098,17514.04,5916.43
NEWYO008,6033318800517,10/16/2018,3004311705098,383176.23,129441.08
NEWYO008,6033318800535,10/29/2018,3004311705098,66057.62,22314.98
NEWYO008,6023318004422,10/31/2018,3004311804088,61687.50,30843.75
NEWYO008,6013318013035,10/07/2018,3004311804000,0.00,0.00
NEWYO008,6013318013019,10/05/2018,3004311700360,0.00,0.00
MOUNT041,6013318012861,10/03/2018,3004311804163,186.36,15.36
MOUNT041,6013318013330,10/12/2018,3004311804163,93.18,7.68
MOUNT041,6013318014052,10/31/2018,3004311805186,1702.79,139.04
MOUNT041,6013318013580,10/19/2018,3004311804592,6710.73,547.98
MOUNT041,6013318014052,10/31/2018,3004311805186,685.53,55.98
MOUNT041,6013318012818,10/02/2018,3004311804099,238.11,13.11
MOUNT041,6013318012818,10/02/2018,3004311804099,2976.37,163.87
MOUNT041,6013318012818,10/02/2018,3004311804099,71.43,3.93
MOUNT041,6013318012818,10/02/2018,3004311804099,26525.37,1460.37
MOUNT041,6013318013214,10/11/2018,3004311804099,6071.79,334.29
MOUNT041,6013318013472,10/17/2018,3004311804493,4861.00,397.00
MOUNT041,6013318014035,10/31/2018,3004311804303,979.99,79.99
MOUNT041,6013318012837,10/02/2018,3004311804611,305.68,37.93
MOUNT041,6013318013485,10/18/2018,3004311804927,583.21,47.71
MOUNT041,6013318012837,10/02/2018,3004311804611,924.74,114.74
MOUNT041,6013318013485,10/18/2018,3004311804927,1764.33,144.33
MOUNT041,6013318014052,10/31/2018,3004311805186,7227.68,590.18
MOUNT041,6013318014052,10/31/2018,3004311805186,1749.34,142.84
MOUNT041,6013318013323,10/15/2018,3004311804771,342.88,27.88
MOUNT041,6013318012818,10/02/2018,3004311804099,2297.49,126.49
MOUNT041,6013318014052,10/31/2018,3004311805186,634.57,51.82
MOUNT041,6013318013985,10/30/2018,3004311805186,220.51,18.01
MOUNT041,6013318012818,10/02/2018,3004311804099,187.69,10.33
MOUNT041,6013318012837,10/02/2018,3004311804611,6.58,0.82
MOUNT041,6013318012861,10/03/2018,3004311804163,12.63,1.04
MOUNT041,6013318013214,10/11/2018,3004311804099,53.66,2.95
MOUNT041,6013318013323,10/15/2018,3004311804771,0.00,0.00
MOUNT041,6013318013330,10/12/2018,3004311804163,12.12,1.00
MOUNT041,6013318013472,10/17/2018,3004311804493,21.77,1.78
MOUNT041,6013318013485,10/18/2018,3004311804927,6.29,0.51
MOUNT041,6013318013580,10/19/2018,3004311804592,51.39,4.20
MOUNT041,6013318013985,10/30/2018,3004311805186,0.00,0.00
MOUNT041,6013318014035,10/31/2018,3004311804303,11.60,0.95
MOUNT041,6013318014052,10/31/2018,3004311805186,11.37,0.93
ELMHU006,6013318013660,10/23/2018,3004311804685,935.82,93.42
ELMHU006,6013318013660,10/23/2018,3004311804685,69.99,6.99
ELMHU006,6013318013909,10/29/2018,3004311804685,1197.77,119.57
ELMHU006,6013318013660,10/23/2018,3004311804685,0.00,0.00
ELMHU006,6013318013909,10/29/2018,3004311804685,0.00,0.00
NYULA002,6023318003629,08/31/2018,3004311802019,5016.00,0
MOUNT041,6013318014251,11/04/2018,3004311805014,21.77,1.78
MOUNT041,6013318014280,11/04/2018,3004311805268,0.00,0.00
MOUNT041,6013318014349,11/05/2018,3004311804771,0.00,0.00
MOUNT041,6013318014351,11/05/2018,3004311804785,21.77,1.78
MOUNT041,6013318014636,11/12/2018,3004311805341,0.00,0.00
MOUNT041,6013318015253,11/27/2018,3004311805552,0.00,0.00
MOUNT041,6013318015483,11/30/2018,3004311805336,14.02,1.15
MOUNT041,6013318014322,11/02/2018,3004311805248,0.00,0.00
NEWYO008,6013318015165,11/20/2018,3004311805249,2778.44,277.86
NEWYO008,6013318015165,11/20/2018,3004311805249,8335.32,833.59
NEWYO008,6013318015165,11/20/2018,3004311805249,23453.04,2345.46
NEWYO008,6013318015165,11/20/2018,3004311805249,15423.80,1542.48
NEWYO008,6013318015165,11/20/2018,3004311805249,10736.35,1073.71
NEWYO008,6013318014454,11/07/2018,3004311804716,933.82,117.10
NEWYO008,6013318014865,11/16/2018,3004311804659,959.29,129.04
NEWYO008,6013318015098,11/22/2018,3004311805579,2745.82,357.11
NEWYO008,6023318004727,11/28/2018,3004311804952,20930.00,8855.00
NEWYO008,6013318014454,11/07/2018,3004311804716,12.55,1.57
NEWYO008,6013318014865,11/16/2018,3004311804659,11.67,1.57
NEWYO008,6013318015098,11/22/2018,3004311805579,0.00,0.00
NEWYO008,6013318015165,11/20/2018,3004311805249,0.00,0.00
ELMHU006,6013318014348,11/05/2018,3004311804685,69.99,6.99
ELMHU006,6013318014348,11/05/2018,3004311804685,0.00,0.00
CONEY001,6013318014355,11/06/2018,3004311804833,1112.54,242.06
CONEY001,6013318014355,11/06/2018,3004311804833,83.20,18.10
CONEY001,6013318014355,11/06/2018,3004311804833,0.00,0.00
NEWYO044,6013318002170,02/24/2018,3004311800585,288.00,28.80
NEWYO044,6013318001284,02/01/2018,3004311800289,71.30,0.00
NEWYO044,6013318001266,02/04/2018,3004311704195,477.60,0.00
NEWYO044,6013318001266,02/04/2018,3004311704195,0.00,0.00
NEWYO044,6013318001284,02/01/2018,3004311800289,7.27,0.00
NEWYO044,6013318002170,02/24/2018,3004311800585,0.00,0.00
NEWYO044,6013317011599,10/24/2017,3004311704195,0.00,0.00
NEWYO044,6013317011599,10/24/2017,3004311704195,0.00,0.00
NEWYO044,6013317011089,10/04/2017,3004311704465,0.00,0.00
NEWYO044,6013317011089,10/04/2017,3004311704465,0.00,0.00
NEWYO044,6013317011868,10/30/2017,3004311705092,0.00,0.00
NEWYO044,6013317011868,10/30/2017,3004311705092,0.00,0.00
NEWYO044,6013317011868,10/30/2017,3004311705092,0.00,0.00
NEWYO044,6013317011868,10/30/2017,3004311705092,0.00,0.00
NEWYO044,6013317011868,10/30/2017,3004311705092,0.00,0.00
NEWYO044,6013317011868,10/30/2017,3004311705092,0.00,0.00
NEWYO044,6013317011868,10/30/2017,3004311705092,0.00,0.00
NEWYO044,6013317011868,10/30/2017,3004311705092,0.00,0.00
NEWYO044,6013317011868,10/30/2017,3004311705092,0.00,0.00
NEWYO044,6013317011868,10/30/2017,3004311705092,0.00,0.00
NEWYO044,6013317011868,10/30/2017,3004311705092,0.00,0.00
NEWYO044,6013317011868,10/30/2017,3004311705092,0.00,0.00
NEWYO044,6013317011868,10/30/2017,3004311705092,0.00,0.00
NEWYO044,6013317011868,10/30/2017,3004311705092,0.00,0.00
NEWYO044,6013317012105,11/05/2017,3004311704195,0.00,0.00
NEWYO044,6013317012105,11/05/2017,3004311704195,0.00,0.00
NEWYO044,6013317012149,11/02/2017,3004311705092,0.00,0.00
NEWYO044,6013317012149,11/02/2017,3004311705092,0.00,0.00
NEWYO044,6013317012149,11/02/2017,3004311705092,0.00,0.00
NEWYO044,6013317012149,11/02/2017,3004311705092,0.00,0.00
NEWYO044,6013317012149,11/02/2017,3004311705092,0.00,0.00
NEWYO044,6013317012149,11/02/2017,3004311705092,0.00,0.00
NEWYO044,6013317012149,11/02/2017,3004311705092,0.00,0.00
NEWYO044,6013317012149,11/02/2017,3004311705092,0.00,0.00
NEWYO044,6013317012149,11/02/2017,3004311705092,0.00,0.00
NEWYO044,6013317012149,11/02/2017,3004311705092,0.00,0.00
NEWYO044,6013317012149,11/02/2017,3004311705092,0.00,0.00
NEWYO044,6013317012149,11/02/2017,3004311705092,0.00,0.00
NEWYO044,6013317012149,11/02/2017,3004311705092,0.00,0.00
NEWYO044,6013317012149,11/02/2017,3004311705092,0.00,0.00
NEWYO044,6013317012149,11/02/2017,3004311705092,0.00,0.00
NEWYO044,6013317013278,11/30/2017,3004311705092,0.00,0.00
NEWYO044,6013317013278,11/30/2017,3004311705092,0.00,0.00
NEWYO044,6013317013278,11/30/2017,3004311705092,0.00,0.00
NEWYO044,6013317013278,11/30/2017,3004311705092,0.00,0.00
NEWYO044,6013317013278,11/30/2017,3004311705092,0.00,0.00
NEWYO044,6013317013278,11/30/2017,3004311705092,0.00,0.00
NEWYO044,6013317013278,11/30/2017,3004311705092,0.00,0.00
NEWYO044,30033170000023,11/25/2017,3004311705883,0.00,0.00
NEWYO044,30033170000023,11/25/2017,3004311705883,0.00,0.00
NEWYO044,6013317013623,12/05/2017,3004311704195,0.00,0.00
NEWYO044,6013317013623,12/05/2017,3004311704195,0.00,0.00
NEWYO044,6013317013754,12/11/2017,3004311705092,0.00,0.00
NEWYO044,6013317013754,12/11/2017,3004311705092,0.00,0.00
NEWYO044,6013317013382,12/01/2017,3004311706130,0.00,0.00
NEWYO044,6013317013382,12/01/2017,3004311706130,0.00,0.00
NEWYO044,6013318000180,01/04/2018,3004311704195,477.60,0.00
NEWYO044,6013318000180,01/04/2018,3004311704195,0.00,0.00
NEWYO044,6013318000513,01/15/2018,3004311800044,160.30,0.00
NEWYO044,6013318000513,01/15/2018,3004311800044,1449.90,0.00
NEWYO044,6013318000513,01/15/2018,3004311800044,437.10,0.00
NEWYO044,6013318000513,01/15/2018,3004311800044,192.50,0.00
NEWYO044,6013318000513,01/15/2018,3004311800044,771.49,0.00
NEWYO044,6013318000987,01/25/2018,3004311800044,632.57,0.00
NEWYO044,6013318000987,01/25/2018,3004311800044,1799.90,0.00
NEWYO044,6013318000987,01/25/2018,3004311800044,0.00,0.00
NEWYO044,6013318000346,01/12/2018,3004311800049,5723.55,609.95
NEWYO044,6013318000346,01/12/2018,3004311800049,14.96,1.59
NEWYO044,6013318001067,01/31/2018,3004311800049,3989.11,425.11
NEWYO044,6013318001067,01/31/2018,3004311800049,201.47,21.47
NEWYO044,6013318001067,01/31/2018,3004311800049,402.94,42.94
NEWYO044,6013318001067,01/31/2018,3004311800049,10859.25,1157.25
NEWYO044,6013318001067,01/31/2018,3004311800049,170.10,18.13
NEWYO044,6013318004218,04/04/2018,3004311704195,477.60,0.00
NEWYO044,6013318004218,04/04/2018,3004311704195,0.00,0.00
NEWYO044,6013318007600,06/20/2018,3004311802869,95400.00,10137.00
NEWYO044,6013318006860,06/04/2018,3004311704195,0.00,-477.60
NEWYO044,6013318008282,06/28/2018,3004311705347,2368.76,373.76
NEWYO044,6013318006860,06/04/2018,3004311704195,0.00,0.00
NEWYO044,6013318007600,06/20/2018,3004311802869,2.24,0.24
NEWYO044,6013318008282,06/28/2018,3004311705347,0.00,0.00
NEWYO044,6013318010602,08/16/2018,3004311803461,0.00,-145.08
NEWYO044,6013318010602,08/16/2018,3004311803461,0.00,-3689.00
NEWYO044,6013318010602,08/16/2018,3004311803461,0.00,-30.69
NEWYO044,6013318010602,08/16/2018,3004311803461,0.00,-9.30
NEWYO044,6013318010633,08/15/2018,3004311803461,0.00,-145.08
NEWYO044,6013318010633,08/15/2018,3004311803461,0.00,-30.69
NEWYO044,6013318010633,08/15/2018,3004311803461,0.00,-9.30
NEWYO044,6013318010633,08/15/2018,3004311803461,0.00,-18.29
NEWYO044,6013318010869,08/24/2018,3004311801855,13549.70,1159.70
NEWYO044,6013318010869,08/24/2018,3004311801855,216795.19,18555.19
NEWYO044,6013318010869,08/24/2018,3004311801855,162596.39,13916.39
NEWYO044,6013318010869,08/24/2018,3004311801855,13549.70,1159.70
NEWYO044,6013318010869,08/24/2018,3004311801855,13549.70,1159.70
NEWYO044,6013318010869,08/24/2018,3004311801855,9003.06,770.56
NEWYO044,6013318010869,08/24/2018,3004311801855,72024.47,6164.47
NEWYO044,6013318010869,08/24/2018,3004311801855,72024.47,6164.47
NEWYO044,6013318010869,08/24/2018,3004311801855,9003.06,770.56
NEWYO044,6013318010869,08/24/2018,3004311801855,18006.12,1541.12
NEWYO044,6013318010869,08/24/2018,3004311801855,143.31,12.27
NEWYO044,6013318010869,08/24/2018,3004311801855,143.31,12.27
NEWYO044,6013318010869,08/24/2018,3004311801855,286.61,24.53
NEWYO044,6013318010869,08/24/2018,3004311801855,286.61,24.53
NEWYO044,6013318010869,08/24/2018,3004311801855,286.61,24.53
NEWYO044,6013318010869,08/24/2018,3004311801855,143.31,12.27
NEWYO044,6013318010869,08/24/2018,3004311801855,143.31,12.27
NEWYO044,6013318010869,08/24/2018,3004311801855,286.61,24.53
NEWYO044,6013318010869,08/24/2018,3004311801855,286.61,24.53
NEWYO044,6013318010869,08/24/2018,3004311801855,286.61,24.53
NEWYO044,6013318010869,08/24/2018,3004311801855,143.31,12.27
NEWYO044,6013318010869,08/24/2018,3004311801855,143.31,12.27
NEWYO044,6013318010869,08/24/2018,3004311801855,1704046.92,145846.92
NEWYO044,6013318010869,08/24/2018,3004311801855,53799.20,4604.60
NEWYO044,6013318010869,08/24/2018,3004311801855,73030.58,6250.58
NEWYO044,6013318010869,08/24/2018,3004311801855,121717.64,10417.64
NEWYO044,6013318010869,08/24/2018,3004311801855,121717.64,10417.64
NEWYO044,6013318010869,08/24/2018,3004311801855,153.10,13.10
NEWYO044,6013318010869,08/24/2018,3004311801855,1224.83,104.83
NEWYO044,6013318010869,08/24/2018,3004311801855,612.42,52.42
NEWYO044,6013318010869,08/24/2018,3004311801855,30.62,2.62
NEWYO044,6013318010869,08/24/2018,3004311801855,153.10,13.10
NEWYO044,6013318010869,08/24/2018,3004311801855,1148.28,98.28
NEWYO044,6013318010869,08/24/2018,3004311801855,1148.28,98.28
NEWYO044,6013318010869,08/24/2018,3004311801855,4593.12,393.12
NEWYO044,6013318010869,08/24/2018,3004311801855,4593.12,393.12
NEWYO044,6013318010869,08/24/2018,3004311801855,1148.28,98.28
NEWYO044,6013318010869,08/24/2018,3004311801855,1148.28,98.28
NEWYO044,6013318010869,08/24/2018,3004311801855,9186.24,786.24
NEWYO044,6013318010869,08/24/2018,3004311801855,9186.24,786.24
NEWYO044,6013318010869,08/24/2018,3004311801855,2296.56,196.56
NEWYO044,6013318010869,08/24/2018,3004311801855,1148.28,98.28
NEWYO044,6013318010869,08/24/2018,3004311801855,481.18,41.18
NEWYO044,6013318010869,08/24/2018,3004311801855,481.18,41.18
NEWYO044,6013318010869,08/24/2018,3004311801855,481.18,41.18
NEWYO044,6013318010869,08/24/2018,3004311801855,481.18,41.18
NEWYO044,6013318010869,08/24/2018,3004311801855,481.18,41.18
NEWYO044,6013318010869,08/24/2018,3004311801855,481.18,41.18
NEWYO044,6013318010869,08/24/2018,3004311801855,481.18,41.18
NEWYO044,6013318010869,08/24/2018,3004311801855,481.18,41.18
NEWYO044,6013318010869,08/24/2018,3004311801855,13748.73,1176.73
NEWYO044,6013318010869,08/24/2018,3004311801855,68743.67,5883.67
NEWYO044,6013318010869,08/24/2018,3004311801855,27497.47,2353.47
NEWYO044,6013318010869,08/24/2018,3004311801855,13748.73,1176.73
NEWYO044,6013318010869,08/24/2018,3004311801855,13748.73,1176.73
NEWYO044,6013318010869,08/24/2018,3004311801855,1064.07,91.07
NEWYO044,6013318010869,08/24/2018,3004311801855,10640.72,910.72
NEWYO044,6013318010869,08/24/2018,3004311801855,10640.72,910.72
NEWYO044,6013318010869,08/24/2018,3004311801855,1064.07,91.07
NEWYO044,6013318010869,08/24/2018,3004311801855,1064.07,91.07
NEWYO044,6013318010869,08/24/2018,3004311801855,21893.86,1873.86
NEWYO044,6013318010869,08/24/2018,3004311801855,218938.64,18738.64
NEWYO044,6013318010869,08/24/2018,3004311801855,43787.73,3747.73
NEWYO044,6013318010869,08/24/2018,3004311801855,21893.86,1873.86
NEWYO044,6013318010869,08/24/2018,3004311801855,725264.16,62074.31
NEWYO044,6013318010869,08/24/2018,3004311801855,2117.21,181.21
NEWYO044,6013318010869,08/24/2018,3004311801855,2117.21,181.21
NEWYO044,6013318010869,08/24/2018,3004311801855,2117.21,181.21
NEWYO044,6013318010869,08/24/2018,3004311801855,2117.21,181.21
NEWYO044,6013318010869,08/24/2018,3004311801855,5244.90,448.90
NEWYO044,6013318010869,08/24/2018,3004311801855,5244.90,448.90
NEWYO044,6013318010869,08/24/2018,3004311801855,5244.90,448.90
NEWYO044,6013318010869,08/24/2018,3004311801855,5244.90,448.90
NEWYO044,6013318010869,08/24/2018,3004311801855,5244.90,448.90
NEWYO044,6013318010869,08/24/2018,3004311801855,5244.90,448.90
NEWYO044,6013318010869,08/24/2018,3004311801855,5244.90,448.90
NEWYO044,6013318010869,08/24/2018,3004311801855,5244.90,448.90
NEWYO044,6013318010869,08/24/2018,3004311801855,14636.74,1252.74
NEWYO044,6013318010869,08/24/2018,3004311801855,36591.84,3131.84
NEWYO044,6013318010869,08/24/2018,3004311801855,36591.84,3131.84
NEWYO044,6013318010869,08/24/2018,3004311801855,36591.84,3131.84
NEWYO044,6013318010869,08/24/2018,3004311801855,14636.74,1252.74
NEWYO044,6013318010869,08/24/2018,3004311801855,14636.74,1252.74
NEWYO044,6013318010869,08/24/2018,3004311801855,38903.71,3329.71
NEWYO044,6013318010869,08/24/2018,3004311801855,518716.17,44396.17
NEWYO044,6013318010869,08/24/2018,3004311801855,382553.17,32742.17
NEWYO044,6013318010869,08/24/2018,3004311801855,32419.76,2774.76
NEWYO044,6013318010869,08/24/2018,3004311801855,16841.43,1441.43
NEWYO044,6013318010869,08/24/2018,3004311801855,23578.01,2018.01
NEWYO044,6013318010869,08/24/2018,3004311801855,3751.05,321.05
NEWYO044,6013318010869,08/24/2018,3004311801855,30008.37,2568.37
NEWYO044,6013318010869,08/24/2018,3004311801855,30008.37,2568.37
NEWYO044,6013318010869,08/24/2018,3004311801855,750.21,64.21
NEWYO044,6013318010869,08/24/2018,3004311801855,3751.05,321.05
NEWYO044,6013318010869,08/24/2018,3004311801855,8731.30,747.30
NEWYO044,6013318010869,08/24/2018,3004311801855,43656.50,3736.50
NEWYO044,6013318010869,08/24/2018,3004311801855,43656.50,3736.50
NEWYO044,6013318010869,08/24/2018,3004311801855,21828.25,1868.25
NEWYO044,6013318010869,08/24/2018,3004311801855,8731.30,747.30
NEWYO044,6013318010869,08/24/2018,3004311801855,8731.30,747.30
NEWYO044,6013318010869,08/24/2018,3004311801855,27.56,2.36
NEWYO044,6013318010869,08/24/2018,3004311801855,27.56,2.36
NEWYO044,6013318010869,08/24/2018,3004311801855,55.12,4.72
NEWYO044,6013318010869,08/24/2018,3004311801855,55.12,4.72
NEWYO044,6013318010869,08/24/2018,3004311801855,55.12,4.72
NEWYO044,6013318010869,08/24/2018,3004311801855,27.56,2.36
NEWYO044,6013318010869,08/24/2018,3004311801855,27.56,2.36
NEWYO044,6013318010869,08/24/2018,3004311801855,55.12,4.72
NEWYO044,6013318010869,08/24/2018,3004311801855,55.12,4.72
NEWYO044,6013318010869,08/24/2018,3004311801855,55.12,4.72
NEWYO044,6013318010869,08/24/2018,3004311801855,27.56,2.36
NEWYO044,6013318010869,08/24/2018,3004311801855,27.56,2.36
NEWYO044,6013318010869,08/24/2018,3004311801855,17117.02,1465.02
NEWYO044,6013318010869,08/24/2018,3004311801855,34234.04,2930.04
NEWYO044,6013318010869,08/24/2018,3004311801855,34234.04,2930.04
NEWYO044,6013318010869,08/24/2018,3004311801855,34234.04,2930.04
NEWYO044,6013318010869,08/24/2018,3004311801855,17117.02,1465.02
NEWYO044,6013318010869,08/24/2018,3004311801855,17117.02,1465.02
NEWYO044,6013318010869,08/24/2018,3004311801855,3368.29,288.29
NEWYO044,6013318010869,08/24/2018,3004311801855,3368.29,288.29
NEWYO044,6013318010869,08/24/2018,3004311801855,3368.29,288.29
NEWYO044,6013318010869,08/24/2018,3004311801855,3368.29,288.29
NEWYO044,6013318010869,08/24/2018,3004311801855,3368.29,288.29
NEWYO044,6013318010869,08/24/2018,3004311801855,3368.29,288.29
NEWYO044,6013318010869,08/24/2018,3004311801855,3368.29,288.29
NEWYO044,6013318010869,08/24/2018,3004311801855,3368.29,288.29
NEWYO044,6013318010869,08/24/2018,3004311801855,24466.01,2094.01
NEWYO044,6013318010869,08/24/2018,3004311801855,48932.02,4188.02
NEWYO044,6013318010869,08/24/2018,3004311801855,48932.02,4188.02
NEWYO044,6013318010869,08/24/2018,3004311801855,48932.02,4188.02
NEWYO044,6013318010869,08/24/2018,3004311801855,24466.01,2094.01
NEWYO044,6013318010869,08/24/2018,3004311801855,24466.01,2094.01
NEWYO044,6013318010869,08/24/2018,3004311801855,765.52,65.52
NEWYO044,6013318010869,08/24/2018,3004311801855,12248.32,1048.32
NEWYO044,6013318010869,08/24/2018,3004311801855,9186.24,786.24
NEWYO044,6013318010869,08/24/2018,3004311801855,765.52,65.52
NEWYO044,6013318010869,08/24/2018,3004311801855,765.52,65.52
NEWYO044,6013318010869,08/24/2018,3004311801855,12991.96,1111.96
NEWYO044,6013318010869,08/24/2018,3004311801855,12991.96,1111.96
NEWYO044,6013318010869,08/24/2018,3004311801855,12991.96,1111.96
NEWYO044,6013318010869,08/24/2018,3004311801855,12991.96,1111.96
NEWYO044,6013318010869,08/24/2018,3004311801855,12991.96,1111.96
NEWYO044,6013318010869,08/24/2018,3004311801855,12991.96,1111.96
NEWYO044,6013318010869,08/24/2018,3004311801855,12991.96,1111.96
NEWYO044,6013318010869,08/24/2018,3004311801855,12991.96,1111.96
NEWYO044,6013318010869,08/24/2018,3004311801855,4884.02,418.02
NEWYO044,6013318010869,08/24/2018,3004311801855,24420.08,2090.08
NEWYO044,6013318010869,08/24/2018,3004311801855,24420.08,2090.08
NEWYO044,6013318010869,08/24/2018,3004311801855,14652.05,1254.05
NEWYO044,6013318010869,08/24/2018,3004311801855,4884.02,418.02
NEWYO044,6013318010869,08/24/2018,3004311801855,4884.02,418.02
NEWYO044,6013318010869,08/24/2018,3004311801855,1377.94,117.94
NEWYO044,6013318010869,08/24/2018,3004311801855,6889.68,589.68
NEWYO044,6013318010869,08/24/2018,3004311801855,6889.68,589.68
NEWYO044,6013318010869,08/24/2018,3004311801855,4133.81,353.81
NEWYO044,6013318010869,08/24/2018,3004311801855,1377.94,117.94
NEWYO044,6013318010869,08/24/2018,3004311801855,1377.94,117.94
NEWYO044,6013318010869,08/24/2018,3004311801855,3751.05,321.05
NEWYO044,6013318010869,08/24/2018,3004311801855,30008.37,2568.37
NEWYO044,6013318010869,08/24/2018,3004311801855,30008.37,2568.37
NEWYO044,6013318010869,08/24/2018,3004311801855,750.21,64.21
NEWYO044,6013318010869,08/24/2018,3004311801855,3751.05,321.05
NEWYO044,6013318010869,08/24/2018,3004311801855,168.33,14.41
NEWYO044,6013318010869,08/24/2018,3004311801855,1819.75,155.75
NEWYO044,6013318010869,08/24/2018,3004311801855,1182.84,101.24
NEWYO044,6013318010869,08/24/2018,3004311801855,1592.28,136.28
NEWYO044,6013318010869,08/24/2018,3004311801855,2129.11,182.23
NEWYO044,6013318010869,08/24/2018,3004311801855,11373.44,973.44
NEWYO044,6013318010869,08/24/2018,3004311801855,1704.88,145.92
NEWYO044,6013318010869,08/24/2018,3004311801855,1704.88,145.92
NEWYO044,6013318010869,08/24/2018,3004311801855,18379.47,1573.07
NEWYO044,6013318010869,08/24/2018,3004311801855,18379.47,1573.07
NEWYO044,6013318010869,08/24/2018,3004311801855,250.22,21.42
NEWYO044,6013318010869,08/24/2018,3004311801855,827.99,70.87
NEWYO044,6013318010869,08/24/2018,3004311801855,827.99,70.87
NEWYO044,6013318010869,08/24/2018,3004311801855,3923.84,335.84
NEWYO044,6013318010869,08/24/2018,3004311801855,3411.46,291.98
NEWYO044,6013318010869,08/24/2018,3004311801855,682.41,58.41
NEWYO044,6013318010869,08/24/2018,3004311801855,682.41,58.41
NEWYO044,6013318010869,08/24/2018,3004311801855,22178.20,1898.20
NEWYO044,6013318010869,08/24/2018,3004311801855,22178.20,1898.20
NEWYO044,6013318010869,08/24/2018,3004311801855,3923.84,335.84
NEWYO044,6013318010869,08/24/2018,3004311801855,4543.69,388.89
NEWYO044,6013318010869,08/24/2018,3004311801855,19653.30,1682.10
NEWYO044,6013318010869,08/24/2018,3004311801855,1704.88,145.92
NEWYO044,6013318010869,08/24/2018,3004311801855,516.35,44.19
NEWYO044,6013318010869,08/24/2018,3004311801855,27896.76,2387.64
NEWYO044,6013318010869,08/24/2018,3004311801855,746.10,63.86
NEWYO044,6013318010869,08/24/2018,3004311801855,7165.26,613.26
NEWYO044,6013318010869,08/24/2018,3004311801855,827.99,70.87
NEWYO044,6013318010869,08/24/2018,3004311801855,21552.66,1844.66
NEWYO044,6013318010869,08/24/2018,3004311801855,33525.28,2869.38
NEWYO044,6013318010869,08/24/2018,3004311801855,11605.19,993.27
NEWYO044,6013318010869,08/24/2018,3004311801855,336.35,28.79
NEWYO044,6013318010869,08/24/2018,3004311801855,672.69,57.57
NEWYO044,6013318010869,08/24/2018,3004311801855,336.35,28.79
NEWYO044,6013318010869,08/24/2018,3004311801855,9623.68,823.68
NEWYO044,6013318010869,08/24/2018,3004311801855,19247.35,1647.35
NEWYO044,6013318010869,08/24/2018,3004311801855,9623.68,823.68
NEWYO044,6013318010869,08/24/2018,3004311801855,106028.86,9074.86
NEWYO044,6013318010869,08/24/2018,3004311801855,1631213.19,139613.19
NEWYO044,6013318010869,08/24/2018,3004311801855,252838.04,21640.04
NEWYO044,6013318010869,08/24/2018,3004311801855,106028.86,9074.86
NEWYO044,6013318010869,08/24/2018,3004311801855,12955.87,1108.87
NEWYO044,6013318010869,08/24/2018,3004311801855,77735.25,6653.25
NEWYO044,6013318010869,08/24/2018,3004311801855,12955.87,1108.87
NEWYO044,6013318010869,08/24/2018,3004311801855,12955.87,1108.87
NEWYO044,6013318010869,08/24/2018,3004311801855,12955.87,1108.87
NEWYO044,6013318010869,08/24/2018,3004311801855,5478.28,468.88
NEWYO044,6013318010869,08/24/2018,3004311801855,32869.67,2813.27
NEWYO044,6013318010869,08/24/2018,3004311801855,5478.28,468.88
NEWYO044,6013318010869,08/24/2018,3004311801855,5478.28,468.88
NEWYO044,6013318010869,08/24/2018,3004311801855,5478.28,468.88
NEWYO044,6013318010869,08/24/2018,3004311801855,4807.03,411.43
NEWYO044,6013318010869,08/24/2018,3004311801855,16824.59,1439.99
NEWYO044,6013318010869,08/24/2018,3004311801855,38494.71,3294.71
NEWYO044,6013318010869,08/24/2018,3004311801855,38494.71,3294.71
NEWYO044,6013318010869,08/24/2018,3004311801855,235.30,20.14
NEWYO044,6013318010869,08/24/2018,3004311801855,8637.25,739.25
NEWYO044,6013318010869,08/24/2018,3004311801855,30230.37,2587.37
NEWYO044,6013318010633,08/15/2018,3004311803461,0.00,-61.69
NEWYO044,6013318010633,08/15/2018,3004311803461,0.00,-6392.00
NEWYO044,6013318010869,08/24/2018,3004311801855,721.78,61.78
NEWYO044,6013318010869,08/24/2018,3004311801855,9623.68,823.68
NEWYO044,6013318010869,08/24/2018,3004311801855,7097.46,607.46
NEWYO044,6013318010869,08/24/2018,3004311801855,601.48,51.48
NEWYO044,6013318010869,08/24/2018,3004311801855,1443.55,123.55
NEWYO044,6013318010869,08/24/2018,3004311801855,19247.35,1647.35
NEWYO044,6013318010869,08/24/2018,3004311801855,14194.92,1214.92
NEWYO044,6013318010869,08/24/2018,3004311801855,1202.96,102.96
NEWYO044,6013318010869,08/24/2018,3004311801855,68944.02,5900.82
NEWYO044,6013318010869,08/24/2018,3004311801855,68944.02,5900.82
NEWYO044,6013318010869,08/24/2018,3004311801855,11490.67,983.47
NEWYO044,6013318010869,08/24/2018,3004311801855,11490.67,983.47
NEWYO044,6013318010869,08/24/2018,3004311801855,11490.67,983.47
NEWYO044,6013318010869,08/24/2018,3004311801855,11490.67,983.47
NEWYO044,6013318010869,08/24/2018,3004311801855,2785.62,238.42
NEWYO044,6013318010869,08/24/2018,3004311801855,2785.62,238.42
NEWYO044,6013318010869,08/24/2018,3004311801855,4787.78,409.78
NEWYO044,6013318010869,08/24/2018,3004311801855,4787.78,409.78
NEWYO044,6013318010869,08/24/2018,3004311801855,957.56,81.96
NEWYO044,6013318010869,08/24/2018,3004311801855,957.56,81.96
NEWYO044,6013318010869,08/24/2018,3004311801855,22981.34,1966.94
NEWYO044,6013318010869,08/24/2018,3004311801855,22981.34,1966.94
NEWYO044,6013318010869,08/24/2018,3004311801855,34472.01,2950.41
NEWYO044,6013318010869,08/24/2018,3004311801855,34472.01,2950.41
NEWYO044,6013318010869,08/24/2018,3004311801855,11490.67,983.47
NEWYO044,6013318010869,08/24/2018,3004311801855,11490.67,983.47
NEWYO044,6013318010869,08/24/2018,3004311801855,11490.67,983.47
NEWYO044,6013318010869,08/24/2018,3004311801855,11490.67,983.47
NEWYO044,6013318010869,08/24/2018,3004311801855,11490.67,983.47
NEWYO044,6013318010869,08/24/2018,3004311801855,11490.67,983.47
NEWYO044,6013318010869,08/24/2018,3004311801855,11490.67,983.47
NEWYO044,6013318010869,08/24/2018,3004311801855,11490.67,983.47
NEWYO044,6013318010869,08/24/2018,3004311801855,2785.62,238.42
NEWYO044,6013318010869,08/24/2018,3004311801855,2785.62,238.42
NEWYO044,6013318010869,08/24/2018,3004311801855,957.56,81.96
NEWYO044,6013318010869,08/24/2018,3004311801855,957.56,81.96
NEWYO044,6013318010869,08/24/2018,3004311801855,957.56,81.96
NEWYO044,6013318010869,08/24/2018,3004311801855,957.56,81.96
NEWYO044,6013318010869,08/24/2018,3004311801855,957.56,81.96
NEWYO044,6013318010869,08/24/2018,3004311801855,957.56,81.96
NEWYO044,6013318010869,08/24/2018,3004311801855,11490.67,983.47
NEWYO044,6013318010869,08/24/2018,3004311801855,11490.67,983.47
NEWYO044,6013318010869,08/24/2018,3004311801855,4526.63,387.43
NEWYO044,6013318010869,08/24/2018,3004311801855,454.94,38.94
NEWYO044,6013318010869,08/24/2018,3004311801855,526.90,45.10
NEWYO044,6013318010869,08/24/2018,3004311801855,526.90,45.10
NEWYO044,6013318010869,08/24/2018,3004311801855,766.39,65.59
NEWYO044,6013318010869,08/24/2018,3004311801855,1580.69,135.29
NEWYO044,6013318010869,08/24/2018,3004311801855,1580.69,135.29
NEWYO044,6013318010869,08/24/2018,3004311801855,526.90,45.10
NEWYO044,6013318010869,08/24/2018,3004311801855,526.90,45.10
NEWYO044,6013318010869,08/24/2018,3004311801855,526.90,45.10
NEWYO044,6013318010869,08/24/2018,3004311801855,526.90,45.10
NEWYO044,6013318010869,08/24/2018,3004311801855,766.39,65.59
NEWYO044,6013318010869,08/24/2018,3004311801855,1749.76,149.76
NEWYO044,6013318010869,08/24/2018,3004311801855,1749.76,149.76
NEWYO044,6013318010869,08/24/2018,3004311801855,4330.65,370.65
NEWYO044,6013318010869,08/24/2018,3004311801855,4330.65,370.65
NEWYO044,6013318010869,08/24/2018,3004311801855,1202.96,102.96
NEWYO044,6013318010869,08/24/2018,3004311801855,1202.96,102.96
NEWYO044,6013318010869,08/24/2018,3004311801855,1749.76,149.76
NEWYO044,6013318010869,08/24/2018,3004311801855,1749.76,149.76
NEWYO044,6013318010869,08/24/2018,3004311801855,1202.96,102.96
NEWYO044,6013318010869,08/24/2018,3004311801855,1202.96,102.96
NEWYO044,6013318010869,08/24/2018,3004311801855,1202.96,102.96
NEWYO044,6013318010869,08/24/2018,3004311801855,1202.96,102.96
NEWYO044,6013318010869,08/24/2018,3004311801855,1202.96,102.96
NEWYO044,6013318010869,08/24/2018,3004311801855,1202.96,102.96
NEWYO044,6013318010869,08/24/2018,3004311801855,962.37,82.37
NEWYO044,6013318010869,08/24/2018,3004311801855,962.37,82.37
NEWYO044,6013318010869,08/24/2018,3004311801855,962.37,82.37
NEWYO044,6013318010869,08/24/2018,3004311801855,962.37,82.37
NEWYO044,6013318010869,08/24/2018,3004311801855,962.37,82.37
NEWYO044,6013318010869,08/24/2018,3004311801855,962.37,82.37
NEWYO044,6013318010869,08/24/2018,3004311801855,962.37,82.37
NEWYO044,6013318010869,08/24/2018,3004311801855,962.37,82.37
NEWYO044,6013318010869,08/24/2018,3004311801855,3482.02,298.02
NEWYO044,6013318010869,08/24/2018,3004311801855,3482.02,298.02
NEWYO044,6013318010869,08/24/2018,3004311801855,478.78,40.98
NEWYO044,6013318010869,08/24/2018,3004311801855,478.78,40.98
NEWYO044,6013318010869,08/24/2018,3004311801855,3482.02,298.02
NEWYO044,6013318010869,08/24/2018,3004311801855,3482.02,298.02
NEWYO044,6013318010869,08/24/2018,3004311801855,478.78,40.98
NEWYO044,6013318010869,08/24/2018,3004311801855,478.78,40.98
NEWYO044,6013318010869,08/24/2018,3004311801855,478.78,40.98
NEWYO044,6013318010869,08/24/2018,3004311801855,478.78,40.98
NEWYO044,6013318010869,08/24/2018,3004311801855,478.78,40.98
NEWYO044,6013318010869,08/24/2018,3004311801855,478.78,40.98
NEWYO044,6013318010869,08/24/2018,3004311801855,77605.33,6642.13
NEWYO044,6013318010869,08/24/2018,3004311801855,12934.22,1107.02
NEWYO044,6013318010869,08/24/2018,3004311801855,12934.22,1107.02
NEWYO044,6013318010869,08/24/2018,3004311801855,38802.66,3321.06
NEWYO044,6013318010869,08/24/2018,3004311801855,12934.22,1107.02
NEWYO044,6013318010869,08/24/2018,3004311801855,12934.22,1107.02
NEWYO044,6013318010869,08/24/2018,3004311801855,12934.22,1107.02
NEWYO044,6013318010869,08/24/2018,3004311801855,12934.22,1107.02
NEWYO044,6013318010869,08/24/2018,3004311801855,12934.22,1107.02
NEWYO044,6013318010869,08/24/2018,3004311801855,384.95,32.95
NEWYO044,6013318010869,08/24/2018,3004311801855,384.95,32.95
NEWYO044,6013318010869,08/24/2018,3004311801855,382.76,32.76
NEWYO044,6013318010869,08/24/2018,3004311801855,384.95,32.95
NEWYO044,6013318010869,08/24/2018,3004311801855,384.95,32.95
NEWYO044,6013318010869,08/24/2018,3004311801855,384.95,32.95
NEWYO044,6013318010869,08/24/2018,3004311801855,384.95,32.95
NEWYO044,6013318010869,08/24/2018,3004311801855,384.95,32.95
NEWYO044,6013318010869,08/24/2018,3004311801855,16776.69,1435.89
NEWYO044,6013318010869,08/24/2018,3004311801855,16776.69,1435.89
NEWYO044,6013318010869,08/24/2018,3004311801855,3844.66,329.06
NEWYO044,6013318010869,08/24/2018,3004311801855,3844.66,329.06
NEWYO044,6013318010869,08/24/2018,3004311801855,16776.69,1435.89
NEWYO044,6013318010869,08/24/2018,3004311801855,16776.69,1435.89
NEWYO044,6013318010869,08/24/2018,3004311801855,3844.66,329.06
NEWYO044,6013318010869,08/24/2018,3004311801855,3844.66,329.06
NEWYO044,6013318010869,08/24/2018,3004311801855,3844.66,329.06
NEWYO044,6013318010869,08/24/2018,3004311801855,3844.66,329.06
NEWYO044,6013318010869,08/24/2018,3004311801855,3844.66,329.06
NEWYO044,6013318010869,08/24/2018,3004311801855,3844.66,329.06
NEWYO044,6013318010869,08/24/2018,3004311801855,409.01,35.01
NEWYO044,6013318010869,08/24/2018,3004311801855,409.01,35.01
NEWYO044,6013318010869,08/24/2018,3004311801855,409.01,35.01
NEWYO044,6013318010869,08/24/2018,3004311801855,409.01,35.01
NEWYO044,6013318010869,08/24/2018,3004311801855,409.01,35.01
NEWYO044,6013318010869,08/24/2018,3004311801855,409.01,35.01
NEWYO044,6013318010869,08/24/2018,3004311801855,409.01,35.01
NEWYO044,6013318010869,08/24/2018,3004311801855,409.01,35.01
NEWYO044,6013318010869,08/24/2018,3004311801855,4980.25,426.25
NEWYO044,6013318010869,08/24/2018,3004311801855,4330.65,370.65
NEWYO044,6013318010869,08/24/2018,3004311801855,39842.02,3410.02
NEWYO044,6013318010869,08/24/2018,3004311801855,34645.24,2965.24
NEWYO044,6013318010869,08/24/2018,3004311801855,22284.94,1907.34
NEWYO044,6013318010869,08/24/2018,3004311801855,696.40,59.60
NEWYO044,6013318010869,08/24/2018,3004311801855,696.40,59.60
NEWYO044,6013318010869,08/24/2018,3004311801855,2785.62,238.42
NEWYO044,6013318010869,08/24/2018,3004311801855,2785.62,238.42
NEWYO044,6013318010869,08/24/2018,3004311801855,696.40,59.60
NEWYO044,6013318010869,08/24/2018,3004311801855,696.40,59.60
NEWYO044,6013318010869,08/24/2018,3004311801855,696.40,59.60
NEWYO044,6013318010869,08/24/2018,3004311801855,696.40,59.60
NEWYO044,6013318010869,08/24/2018,3004311801855,696.40,59.60
NEWYO044,6013318010869,08/24/2018,3004311801855,1392.81,119.21
NEWYO044,6013318010869,08/24/2018,3004311801855,696.40,59.60
NEWYO044,6013318010869,08/24/2018,3004311801855,962.37,82.37
NEWYO044,6013318010869,08/24/2018,3004311801855,962.37,82.37
NEWYO044,6013318010869,08/24/2018,3004311801855,962.37,82.37
NEWYO044,6013318010869,08/24/2018,3004311801855,962.37,82.37
NEWYO044,6013318010869,08/24/2018,3004311801855,962.37,82.37
NEWYO044,6013318010869,08/24/2018,3004311801855,962.37,82.37
NEWYO044,6013318010869,08/24/2018,3004311801855,962.37,82.37
NEWYO044,6013318010869,08/24/2018,3004311801855,962.37,82.37
NEWYO044,6013318010869,08/24/2018,3004311801855,56.87,4.87
NEWYO044,6013318010869,08/24/2018,3004311801855,142.17,12.17
NEWYO044,6013318010869,08/24/2018,3004311801855,1137.34,97.34
NEWYO044,6013318010869,08/24/2018,3004311801855,54.02,4.62
NEWYO044,6013318010869,08/24/2018,3004311801855,135.06,11.56
NEWYO044,6013318010869,08/24/2018,3004311801855,1080.48,92.48
NEWYO044,6013318010869,08/24/2018,3004311801855,1080.48,92.48
NEWYO044,6013318010869,08/24/2018,3004311801855,2701.19,231.19
NEWYO044,6013318010869,08/24/2018,3004311801855,21609.53,1849.53
NEWYO044,6013318010869,08/24/2018,3004311801855,1299.20,111.20
NEWYO044,6013318010869,08/24/2018,3004311801855,1299.20,111.20
NEWYO044,6013318010869,08/24/2018,3004311801855,1299.20,111.20
NEWYO044,6013318010869,08/24/2018,3004311801855,1299.20,111.20
NEWYO044,6013318010869,08/24/2018,3004311801855,1299.20,111.20
NEWYO044,6013318010869,08/24/2018,3004311801855,1299.20,111.20
NEWYO044,6013318010869,08/24/2018,3004311801855,1299.20,111.20
NEWYO044,6013318010869,08/24/2018,3004311801855,1299.20,111.20
NEWYO044,6013318010869,08/24/2018,3004311801855,92387.30,7907.30
NEWYO044,6013318010869,08/24/2018,3004311801855,92387.30,7907.30
NEWYO044,6013318010869,08/24/2018,3004311801855,23096.82,1976.82
NEWYO044,6013318010869,08/24/2018,3004311801855,23096.82,1976.82
NEWYO044,6013318010869,08/24/2018,3004311801855,5249.28,449.28
NEWYO044,6013318010869,08/24/2018,3004311801855,5249.28,449.28
NEWYO044,6013318010869,08/24/2018,3004311801855,5249.28,449.28
NEWYO044,6013318010869,08/24/2018,3004311801855,5249.28,449.28
NEWYO044,6013318010869,08/24/2018,3004311801855,125877.69,10773.69
NEWYO044,6013318010869,08/24/2018,3004311801855,125877.69,10773.69
NEWYO044,6013318010869,08/24/2018,3004311801855,251755.38,21547.38
NEWYO044,6013318010869,08/24/2018,3004311801855,251755.38,21547.38
NEWYO044,6013318010869,08/24/2018,3004311801855,251755.38,21547.38
NEWYO044,6013318010869,08/24/2018,3004311801855,251755.38,21547.38
NEWYO044,6013318010869,08/24/2018,3004311801855,125877.69,10773.69
NEWYO044,6013318010869,08/24/2018,3004311801855,125877.69,10773.69
NEWYO044,6013318010869,08/24/2018,3004311801855,7628.95,652.95
NEWYO044,6013318010869,08/24/2018,3004311801855,125877.69,10773.69
NEWYO044,6013318010869,08/24/2018,3004311801855,125877.69,10773.69
NEWYO044,6013318010869,08/24/2018,3004311801855,125877.69,10773.69
NEWYO044,6013318010869,08/24/2018,3004311801855,125877.69,10773.69
NEWYO044,6013318010869,08/24/2018,3004311801855,125877.69,10773.69
NEWYO044,6013318010869,08/24/2018,3004311801855,125877.69,10773.69
NEWYO044,6013318010869,08/24/2018,3004311801855,7628.95,652.95
NEWYO044,6013318010869,08/24/2018,3004311801855,125877.69,10773.69
NEWYO044,6013318010869,08/24/2018,3004311801855,125877.69,10773.69
NEWYO044,6013318010869,08/24/2018,3004311801855,22886.85,1958.85
NEWYO044,6013318010869,08/24/2018,3004311801855,91547.41,7835.41
NEWYO044,6013318010869,08/24/2018,3004311801855,22886.85,1958.85
NEWYO044,6013318010869,08/24/2018,3004311801855,38144.75,3264.75
NEWYO044,6013318010869,08/24/2018,3004311801855,366189.64,31341.64
NEWYO044,6013318010869,08/24/2018,3004311801855,457737.05,39177.05
NEWYO044,6013318010869,08/24/2018,3004311801855,305158.04,26118.04
NEWYO044,6013318010869,08/24/2018,3004311801855,19072.38,1632.38
NEWYO044,6013318010869,08/24/2018,3004311801855,45773.71,3917.71
NEWYO044,6013318010869,08/24/2018,3004311801855,1450.11,124.11
NEWYO044,6013318010869,08/24/2018,3004311801855,3625.28,310.28
NEWYO044,6013318010869,08/24/2018,3004311801855,29002.26,2482.26
NEWYO044,6013318010869,08/24/2018,3004311801855,279.96,23.96
NEWYO044,6013318010869,08/24/2018,3004311801855,481.18,41.18
NEWYO044,6013318010869,08/24/2018,3004311801855,481.18,41.18
NEWYO044,6013318010869,08/24/2018,3004311801855,481.18,41.18
NEWYO044,6013318010869,08/24/2018,3004311801855,481.18,41.18
NEWYO044,6013318010869,08/24/2018,3004311801855,481.18,41.18
NEWYO044,6013318010869,08/24/2018,3004311801855,481.18,41.18
NEWYO044,6013318010869,08/24/2018,3004311801855,481.18,41.18
NEWYO044,6013318010869,08/24/2018,3004311801855,481.18,41.18
NEWYO044,6013318010869,08/24/2018,3004311801855,2796.12,239.32
NEWYO044,6013318010869,08/24/2018,3004311801855,2796.12,239.32
NEWYO044,6013318010869,08/24/2018,3004311801855,11184.46,957.26
NEWYO044,6013318010869,08/24/2018,3004311801855,111844.62,9572.62
NEWYO044,6013318010869,08/24/2018,3004311801855,11184.46,957.26
NEWYO044,6013318010869,08/24/2018,3004311801855,419.94,35.94
NEWYO044,6013318010869,08/24/2018,3004311801855,11039.56,944.86
NEWYO044,6013318010869,08/24/2018,3004311801855,9599.62,821.62
NEWYO044,6013318010869,08/24/2018,3004311801855,4598.37,393.57
NEWYO044,6013318010869,08/24/2018,3004311801855,15297.27,1309.27
NEWYO044,6013318010869,08/24/2018,3004311801855,38243.18,3273.18
NEWYO044,6013318010869,08/24/2018,3004311801855,305945.43,26185.43
NEWYO044,6013318010869,08/24/2018,3004311801855,3448.78,295.18
NEWYO044,6013318010869,08/24/2018,3004311801855,13814.00,1182.32
NEWYO044,6013318010869,08/24/2018,3004311801855,184186.67,15764.27
NEWYO044,6013318010869,08/24/2018,3004311801855,11511.67,985.27
NEWYO044,6013318010869,08/24/2018,3004311801855,37122.90,3177.30
NEWYO044,6013318010869,08/24/2018,3004311801855,12087.25,1034.53
NEWYO044,6013318010869,08/24/2018,3004311801855,161163.34,13793.74
NEWYO044,6013318010869,08/24/2018,3004311801855,10072.71,862.11
NEWYO044,6013318010869,08/24/2018,3004311801855,32482.53,2780.13
NEWYO044,6013318010869,08/24/2018,3004311801855,12087.25,1034.53
NEWYO044,6013318010869,08/24/2018,3004311801855,161163.34,13793.74
NEWYO044,6013318010869,08/24/2018,3004311801855,10072.71,862.11
NEWYO044,6013318010869,08/24/2018,3004311801855,32482.53,2780.13
NEWYO044,6013318010869,08/24/2018,3004311801855,597.11,51.11
NEWYO044,6013318010869,08/24/2018,3004311801855,597.11,51.11
NEWYO044,6013318010869,08/24/2018,3004311801855,597.11,51.11
NEWYO044,6013318010869,08/24/2018,3004311801855,8633.75,738.95
NEWYO044,6013318010869,08/24/2018,3004311801855,8633.75,738.95
NEWYO044,6013318010869,08/24/2018,3004311801855,8633.75,738.95
NEWYO044,6013318010869,08/24/2018,3004311801855,8633.75,738.95
NEWYO044,6013318010869,08/24/2018,3004311801855,8633.75,738.95
NEWYO044,6013318010869,08/24/2018,3004311801855,8633.75,738.95
NEWYO044,6013318010869,08/24/2018,3004311801855,8633.75,738.95
NEWYO044,6013318010869,08/24/2018,3004311801855,8633.75,738.95
NEWYO044,6013318010869,08/24/2018,3004311801855,7194.79,615.79
NEWYO044,6013318010869,08/24/2018,3004311801855,115116.67,9852.67
NEWYO044,6013318010869,08/24/2018,3004311801855,115116.67,9852.67
NEWYO044,6013318010869,08/24/2018,3004311801855,115116.67,9852.67
NEWYO044,6013318010869,08/24/2018,3004311801855,115116.67,9852.67
NEWYO044,6013318010869,08/24/2018,3004311801855,115116.67,9852.67
NEWYO044,6013318010869,08/24/2018,3004311801855,115116.67,9852.67
NEWYO044,6013318010869,08/24/2018,3004311801855,115116.67,9852.67
NEWYO044,6013318010869,08/24/2018,3004311801855,115116.67,9852.67
NEWYO044,6013318010869,08/24/2018,3004311801855,7194.79,615.79
NEWYO044,6013318010869,08/24/2018,3004311801855,7194.79,615.79
NEWYO044,6013318010869,08/24/2018,3004311801855,7194.79,615.79
NEWYO044,6013318010869,08/24/2018,3004311801855,7194.79,615.79
NEWYO044,6013318010869,08/24/2018,3004311801855,7194.79,615.79
NEWYO044,6013318010869,08/24/2018,3004311801855,7194.79,615.79
NEWYO044,6013318010869,08/24/2018,3004311801855,7194.79,615.79
NEWYO044,6013318010869,08/24/2018,3004311801855,23201.81,1985.81
NEWYO044,6013318010869,08/24/2018,3004311801855,23201.81,1985.81
NEWYO044,6013318010869,08/24/2018,3004311801855,23201.81,1985.81
NEWYO044,6013318010869,08/24/2018,3004311801855,23201.81,1985.81
NEWYO044,6013318010869,08/24/2018,3004311801855,23201.81,1985.81
NEWYO044,6013318010869,08/24/2018,3004311801855,23201.81,1985.81
NEWYO044,6013318010869,08/24/2018,3004311801855,23201.81,1985.81
NEWYO044,6013318010869,08/24/2018,3004311801855,23201.81,1985.81
NEWYO044,6013318010869,08/24/2018,3004311801855,17480.10,1496.10
NEWYO044,6013318010869,08/24/2018,3004311801855,87400.48,7480.48
NEWYO044,6013318010869,08/24/2018,3004311801855,87400.48,7480.48
NEWYO044,6013318010869,08/24/2018,3004311801855,43700.24,3740.24
NEWYO044,6013318010869,08/24/2018,3004311801855,17480.10,1496.10
NEWYO044,6013318010869,08/24/2018,3004311801855,17480.10,1496.10
NEWYO044,6013318010869,08/24/2018,3004311801855,19247.35,1647.35
NEWYO044,6013318010869,08/24/2018,3004311801855,19247.35,1647.35
NEWYO044,6013318010869,08/24/2018,3004311801855,19247.35,1647.35
NEWYO044,6013318010869,08/24/2018,3004311801855,53892.59,4612.59
NEWYO044,6013318010869,08/24/2018,3004311801855,26946.29,2306.29
NEWYO044,6013318010869,08/24/2018,3004311801855,13473.15,1153.15
NEWYO044,6013318010869,08/24/2018,3004311801855,19247.35,1647.35
NEWYO044,6013318010869,08/24/2018,3004311801855,38494.71,3294.71
NEWYO044,6013318010869,08/24/2018,3004311801855,38494.71,3294.71
NEWYO044,6013318010869,08/24/2018,3004311801855,19247.35,1647.35
NEWYO044,6013318010869,08/24/2018,3004311801855,19247.35,1647.35
NEWYO044,6013318010869,08/24/2018,3004311801855,19247.35,1647.35
NEWYO044,6013318010869,08/24/2018,3004311801855,19247.35,1647.35
NEWYO044,6013318010869,08/24/2018,3004311801855,31276.95,2676.95
NEWYO044,6013318010869,08/24/2018,3004311801855,31276.95,2676.95
NEWYO044,6013318010869,08/24/2018,3004311801855,62553.90,5353.90
NEWYO044,6013318010869,08/24/2018,3004311801855,62553.90,5353.90
NEWYO044,6013318010869,08/24/2018,3004311801855,31276.95,2676.95
NEWYO044,6013318010869,08/24/2018,3004311801855,31276.95,2676.95
NEWYO044,6013318010869,08/24/2018,3004311801855,51180.46,4380.46
NEWYO044,6013318010869,08/24/2018,3004311801855,31276.95,2676.95
NEWYO044,6013318010869,08/24/2018,3004311801855,31276.95,2676.95
NEWYO044,6013318010869,08/24/2018,3004311801855,31276.95,2676.95
NEWYO044,6013318010869,08/24/2018,3004311801855,31276.95,2676.95
NEWYO044,6013318010869,08/24/2018,3004311801855,31276.95,2676.95
NEWYO044,6013318010869,08/24/2018,3004311801855,36088.79,3088.79
NEWYO044,6013318010869,08/24/2018,3004311801855,36088.79,3088.79
NEWYO044,6013318010869,08/24/2018,3004311801855,72177.57,6177.57
NEWYO044,6013318010869,08/24/2018,3004311801855,72177.57,6177.57
NEWYO044,6013318010869,08/24/2018,3004311801855,72177.57,6177.57
NEWYO044,6013318010869,08/24/2018,3004311801855,72177.57,6177.57
NEWYO044,6013318010869,08/24/2018,3004311801855,72177.57,6177.57
NEWYO044,6013318010869,08/24/2018,3004311801855,72177.57,6177.57
NEWYO044,6013318010869,08/24/2018,3004311801855,36088.79,3088.79
NEWYO044,6013318010869,08/24/2018,3004311801855,36088.79,3088.79
NEWYO044,6013318010869,08/24/2018,3004311801855,36088.79,3088.79
NEWYO044,6013318010869,08/24/2018,3004311801855,36088.79,3088.79
NEWYO044,6013318010869,08/24/2018,3004311801855,36088.79,3088.79
NEWYO044,6013318010869,08/24/2018,3004311801855,36088.79,3088.79
NEWYO044,6013318010869,08/24/2018,3004311801855,36088.79,3088.79
NEWYO044,6013318010869,08/24/2018,3004311801855,36088.79,3088.79
NEWYO044,6013318010869,08/24/2018,3004311801855,144355.15,12355.15
NEWYO044,6013318010869,08/24/2018,3004311801855,55692.22,4766.62
NEWYO044,6013318010869,08/24/2018,3004311801855,4234.42,362.42
NEWYO044,6013318010869,08/24/2018,3004311801855,4234.42,362.42
NEWYO044,6013318010869,08/24/2018,3004311801855,4234.42,362.42
NEWYO044,6013318010869,08/24/2018,3004311801855,4234.42,362.42
NEWYO044,6013318010869,08/24/2018,3004311801855,49432.45,4230.85
NEWYO044,6013318010869,08/24/2018,3004311801855,659099.36,56411.36
NEWYO044,6013318010869,08/24/2018,3004311801855,41193.71,3525.71
NEWYO044,6013318010869,08/24/2018,3004311801855,132841.73,11369.73
NEWYO044,6013318010869,08/24/2018,3004311801855,1726.75,147.79
NEWYO044,6013318010869,08/24/2018,3004311801855,1726.75,147.79
NEWYO044,6013318010869,08/24/2018,3004311801855,23023.33,1970.53
NEWYO044,6013318010869,08/24/2018,3004311801855,23023.33,1970.53
NEWYO044,6013318010869,08/24/2018,3004311801855,1438.96,123.16
NEWYO044,6013318010869,08/24/2018,3004311801855,1438.96,123.16
NEWYO044,6013318010869,08/24/2018,3004311801855,4640.36,397.16
NEWYO044,6013318010869,08/24/2018,3004311801855,4640.36,397.16
NEWYO044,6013318010869,08/24/2018,3004311801855,1202.96,102.96
NEWYO044,6013318010869,08/24/2018,3004311801855,1202.96,102.96
NEWYO044,6013318010869,08/24/2018,3004311801855,1202.96,102.96
NEWYO044,6013318010869,08/24/2018,3004311801855,1202.96,102.96
NEWYO044,6013318010869,08/24/2018,3004311801855,1202.96,102.96
NEWYO044,6013318010869,08/24/2018,3004311801855,1202.96,102.96
NEWYO044,6013318010869,08/24/2018,3004311801855,1202.96,102.96
NEWYO044,6013318010869,08/24/2018,3004311801855,1202.96,102.96
NEWYO044,6013318010869,08/24/2018,3004311801855,12799.49,1095.49
NEWYO044,6013318010869,08/24/2018,3004311801855,12799.49,1095.49
NEWYO044,6013318010869,08/24/2018,3004311801855,12799.49,1095.49
NEWYO044,6013318010869,08/24/2018,3004311801855,3368.29,288.29
NEWYO044,6013318010869,08/24/2018,3004311801855,3368.29,288.29
NEWYO044,6013318010869,08/24/2018,3004311801855,3368.29,288.29
NEWYO044,6013318010869,08/24/2018,3004311801855,962.37,82.37
NEWYO044,6013318010869,08/24/2018,3004311801855,1924.74,164.74
NEWYO044,6013318010869,08/24/2018,3004311801855,144.36,12.36
NEWYO044,6013318010869,08/24/2018,3004311801855,144.36,12.36
NEWYO044,6013318010869,08/24/2018,3004311801855,144.36,12.36
NEWYO044,6013318010869,08/24/2018,3004311801855,144.36,12.36
NEWYO044,6013318010869,08/24/2018,3004311801855,144.36,12.36
NEWYO044,6013318010869,08/24/2018,3004311801855,144.36,12.36
NEWYO044,6013318010869,08/24/2018,3004311801855,144.36,12.36
NEWYO044,6013318010869,08/24/2018,3004311801855,144.36,12.36
NEWYO044,6013318010869,08/24/2018,3004311801855,69990.38,5990.38
NEWYO044,6013318010869,08/24/2018,3004311801855,69990.38,5990.38
NEWYO044,6013318010869,08/24/2018,3004311801855,2659.63,227.63
NEWYO044,6013318010869,08/24/2018,3004311801855,2659.63,227.63
NEWYO044,6013318010869,08/24/2018,3004311801855,7684.51,657.71
NEWYO044,6013318010869,08/24/2018,3004311801855,7684.51,657.71
NEWYO044,6013318010869,08/24/2018,3004311801855,7684.51,657.71
NEWYO044,6013318010869,08/24/2018,3004311801855,7684.51,657.71
NEWYO044,6013318010869,08/24/2018,3004311801855,7684.51,657.71
NEWYO044,6013318010869,08/24/2018,3004311801855,7684.51,657.71
NEWYO044,6013318010869,08/24/2018,3004311801855,7684.51,657.71
NEWYO044,6013318010869,08/24/2018,3004311801855,7684.51,657.71
NEWYO044,6013318010869,08/24/2018,3004311801855,4811.84,411.84
NEWYO044,6013318010869,08/24/2018,3004311801855,7939.53,679.53
NEWYO044,6013318010869,08/24/2018,3004311801855,7939.53,679.53
NEWYO044,6013318010869,08/24/2018,3004311801855,7939.53,679.53
NEWYO044,6013318010869,08/24/2018,3004311801855,81801.25,7001.25
NEWYO044,6013318010869,08/24/2018,3004311801855,48118.38,4118.38
NEWYO044,6013318010869,08/24/2018,3004311801855,24059.19,2059.19
NEWYO044,6013318010869,08/24/2018,3004311801855,4811.84,411.84
NEWYO044,6013318010869,08/24/2018,3004311801855,2405.92,205.92
NEWYO044,6013318010869,08/24/2018,3004311801855,2405.92,205.92
NEWYO044,6013318010869,08/24/2018,3004311801855,1202.96,102.96
NEWYO044,6013318010869,08/24/2018,3004311801855,481.18,41.18
NEWYO044,6013318010869,08/24/2018,3004311801855,240.59,20.59
NEWYO044,6013318010869,08/24/2018,3004311801855,155903.56,13343.56
NEWYO044,6013318010869,08/24/2018,3004311801855,77951.78,6671.78
NEWYO044,6013318010869,08/24/2018,3004311801855,18766.17,1606.17
NEWYO044,6013318010869,08/24/2018,3004311801855,9383.08,803.08
NEWYO044,6013318010869,08/24/2018,3004311801855,19247.35,1647.35
NEWYO044,6013318010869,08/24/2018,3004311801855,19247.35,1647.35
NEWYO044,6013318010869,08/24/2018,3004311801855,594.92,50.92
NEWYO044,6013318010869,08/24/2018,3004311801855,594.92,50.92
NEWYO044,6013318010869,08/24/2018,3004311801855,5879.19,503.19
NEWYO044,6013318010869,08/24/2018,3004311801855,5879.19,503.19
NEWYO044,6013318010869,08/24/2018,3004311801855,48993.26,4193.26
NEWYO044,6013318010869,08/24/2018,3004311801855,48993.26,4193.26
NEWYO044,6013318010869,08/24/2018,3004311801855,52492.78,4492.78
NEWYO044,6013318010869,08/24/2018,3004311801855,52492.78,4492.78
NEWYO044,6013318010869,08/24/2018,3004311801855,52492.78,4492.78
NEWYO044,6013318010869,08/24/2018,3004311801855,52492.78,4492.78
NEWYO044,6013318010869,08/24/2018,3004311801855,52492.78,4492.78
NEWYO044,6013318010869,08/24/2018,3004311801855,52492.78,4492.78
NEWYO044,6013318010869,08/24/2018,3004311801855,56867.18,4867.18
NEWYO044,6013318010869,08/24/2018,3004311801855,56867.18,4867.18
NEWYO044,6013318010869,08/24/2018,3004311801855,56867.18,4867.18
NEWYO044,6013318010869,08/24/2018,3004311801855,56867.18,4867.18
NEWYO044,6013318010869,08/24/2018,3004311801855,62991.34,5391.34
NEWYO044,6013318010869,08/24/2018,3004311801855,62991.34,5391.34
NEWYO044,6013318010869,08/24/2018,3004311801855,8661.31,741.31
NEWYO044,6013318010869,08/24/2018,3004311801855,81801.25,7001.25
NEWYO044,6013318010869,08/24/2018,3004311801855,44509.50,3809.50
NEWYO044,6013318010869,08/24/2018,3004311801855,3849.47,329.47
NEWYO044,6013318010869,08/24/2018,3004311801855,5774.21,494.21
NEWYO044,6013318010869,08/24/2018,3004311801855,5774.21,494.21
NEWYO044,6013318010869,08/24/2018,3004311801855,24059.19,2059.19
NEWYO044,6013318010869,08/24/2018,3004311801855,24059.19,2059.19
NEWYO044,6013318010869,08/24/2018,3004311801855,7217.76,617.76
NEWYO044,6013318010869,08/24/2018,3004311801855,7217.76,617.76
NEWYO044,6013318010869,08/24/2018,3004311801855,5774.21,494.21
NEWYO044,6013318010869,08/24/2018,3004311801855,19732.91,1688.91
NEWYO044,6013318010869,08/24/2018,3004311801855,19732.91,1688.91
NEWYO044,6013318010869,08/24/2018,3004311801855,19732.91,1688.91
NEWYO044,6013318011158,08/29/2018,3004311803461,0.00,-1019.90
NEWYO044,6013318010869,08/24/2018,3004311801855,18758.95,1605.55
NEWYO044,6013318010869,08/24/2018,3004311801855,18758.95,1605.55
NEWYO044,6013318010869,08/24/2018,3004311801855,18758.95,1605.55
NEWYO044,6013318010869,08/24/2018,3004311801855,18758.95,1605.55
NEWYO044,6013318010091,08/05/2018,3004311704195,0.00,-477.60
NEWYO044,6013318010869,08/24/2018,3004311801855,647655.94,55431.94
NEWYO044,6013318010869,08/24/2018,3004311801855,4591.59,392.99
NEWYO044,6013318010869,08/24/2018,3004311801855,4591.59,392.99
NEWYO044,6013318010869,08/24/2018,3004311801855,4591.59,392.99
NEWYO044,6013318010869,08/24/2018,3004311801855,4591.59,392.99
NEWYO044,6013318010869,08/24/2018,3004311801855,4591.59,392.99
NEWYO044,6013318010869,08/24/2018,3004311801855,30544.24,2614.24
NEWYO044,6013318010869,08/24/2018,3004311801855,30544.24,2614.24
NEWYO044,6013318010869,08/24/2018,3004311801855,30544.24,2614.24
NEWYO044,6013318010869,08/24/2018,3004311801855,30544.24,2614.24
NEWYO044,6013318010869,08/24/2018,3004311801855,30544.24,2614.24
NEWYO044,6013318010869,08/24/2018,3004311801855,2128.14,182.14
NEWYO044,6013318010869,08/24/2018,3004311801855,2128.14,182.14
NEWYO044,6013318010869,08/24/2018,3004311801855,2128.14,182.14
NEWYO044,6013318010869,08/24/2018,3004311801855,2128.14,182.14
NEWYO044,6013318010869,08/24/2018,3004311801855,2128.14,182.14
NEWYO044,6013318010869,08/24/2018,3004311801855,28149.25,2409.25
NEWYO044,6013318010869,08/24/2018,3004311801855,18197.50,1557.50
NEWYO044,6013318010869,08/24/2018,3004311801855,16669.43,1426.71
NEWYO044,6013318010869,08/24/2018,3004311801855,2403.51,205.71
NEWYO044,6013318010869,08/24/2018,3004311801855,2403.51,205.71
NEWYO044,6013318010869,08/24/2018,3004311801855,2403.51,205.71
NEWYO044,6013318010869,08/24/2018,3004311801855,2403.51,205.71
NEWYO044,6013318010869,08/24/2018,3004311801855,2403.51,205.71
NEWYO044,6013318010869,08/24/2018,3004311801855,18766.17,1606.17
NEWYO044,6013318010869,08/24/2018,3004311801855,18766.17,1606.17
NEWYO044,6013318010869,08/24/2018,3004311801855,3127.69,267.69
NEWYO044,6013318010869,08/24/2018,3004311801855,3127.69,267.69
NEWYO044,6013318010869,08/24/2018,3004311801855,3127.69,267.69
NEWYO044,6013318010869,08/24/2018,3004311801855,3127.69,267.69
NEWYO044,6013318010869,08/24/2018,3004311801855,9383.08,803.08
NEWYO044,6013318010869,08/24/2018,3004311801855,9383.08,803.08
NEWYO044,6013318010869,08/24/2018,3004311801855,3127.69,267.69
NEWYO044,6013318010869,08/24/2018,3004311801855,3127.69,267.69
NEWYO044,6013318010869,08/24/2018,3004311801855,3127.69,267.69
NEWYO044,6013318010869,08/24/2018,3004311801855,3127.69,267.69
NEWYO044,6013318010869,08/24/2018,3004311801855,3127.69,267.69
NEWYO044,6013318010869,08/24/2018,3004311801855,3127.69,267.69
NEWYO044,6013318010869,08/24/2018,3004311801855,3127.69,267.69
NEWYO044,6013318010869,08/24/2018,3004311801855,3127.69,267.69
NEWYO044,6013318010869,08/24/2018,3004311801855,3127.69,267.69
NEWYO044,6013318010869,08/24/2018,3004311801855,3127.69,267.69
NEWYO044,6013318010869,08/24/2018,3004311801855,1732.26,148.26
NEWYO044,6013318010869,08/24/2018,3004311801855,1732.26,148.26
NEWYO044,6013318010869,08/24/2018,3004311801855,1732.26,148.26
NEWYO044,6013318010869,08/24/2018,3004311801855,1732.26,148.26
NEWYO044,6013318010869,08/24/2018,3004311801855,1732.26,148.26
NEWYO044,6013318010869,08/24/2018,3004311801855,1732.26,148.26
NEWYO044,6013318010869,08/24/2018,3004311801855,1732.26,148.26
NEWYO044,6013318010869,08/24/2018,3004311801855,1732.26,148.26
NEWYO044,6013318010869,08/24/2018,3004311801855,601.48,51.48
NEWYO044,6013318010869,08/24/2018,3004311801855,601.48,51.48
NEWYO044,6013318010869,08/24/2018,3004311801855,601.48,51.48
NEWYO044,6013318010869,08/24/2018,3004311801855,601.48,51.48
NEWYO044,6013318010869,08/24/2018,3004311801855,601.48,51.48
NEWYO044,6013318010869,08/24/2018,3004311801855,601.48,51.48
NEWYO044,6013318010869,08/24/2018,3004311801855,601.48,51.48
NEWYO044,6013318010869,08/24/2018,3004311801855,601.48,51.48
NEWYO044,6013318010869,08/24/2018,3004311801855,8748.80,748.80
NEWYO044,6013318010869,08/24/2018,3004311801855,8748.80,748.80
NEWYO044,6013318010869,08/24/2018,3004311801855,24059.19,2059.19
NEWYO044,6013318010869,08/24/2018,3004311801855,48118.38,4118.38
NEWYO044,6013318010869,08/24/2018,3004311801855,24059.19,2059.19
NEWYO044,6013318010869,08/24/2018,3004311801855,24059.19,2059.19
NEWYO044,6013318010869,08/24/2018,3004311801855,24059.19,2059.19
NEWYO044,6013318010869,08/24/2018,3004311801855,24059.19,2059.19
NEWYO044,6013318010869,08/24/2018,3004311801855,6014.80,514.80
NEWYO044,6013318010869,08/24/2018,3004311801855,8748.80,748.80
NEWYO044,6013318010869,08/24/2018,3004311801855,8748.80,748.80
NEWYO044,6013318010869,08/24/2018,3004311801855,2882.29,246.69
NEWYO044,6013318010869,08/24/2018,3004311801855,2882.29,246.69
NEWYO044,6013318010869,08/24/2018,3004311801855,2882.29,246.69
NEWYO044,6013318010869,08/24/2018,3004311801855,2882.29,246.69
NEWYO044,6013318010869,08/24/2018,3004311801855,2882.29,246.69
NEWYO044,6013318010869,08/24/2018,3004311801855,4811.84,411.84
NEWYO044,6013318010869,08/24/2018,3004311801855,12474.45,1067.67
NEWYO044,6013318010869,08/24/2018,3004311801855,3087.89,264.29
NEWYO044,6013318010869,08/24/2018,3004311801855,6884.78,589.26
NEWYO044,6013318010869,08/24/2018,3004311801855,6884.78,589.26
NEWYO044,6013318010869,08/24/2018,3004311801855,20003.03,1712.03
NEWYO044,6013318010869,08/24/2018,3004311801855,8350.95,714.75
NEWYO044,6013318010869,08/24/2018,3004311801855,995.18,85.18
NEWYO044,6013318010869,08/24/2018,3004311801855,7961.41,681.41
NEWYO044,6013318010869,08/24/2018,3004311801855,3980.70,340.70
NEWYO044,6013318010869,08/24/2018,3004311801855,199.04,17.04
NEWYO044,6013318010869,08/24/2018,3004311801855,995.18,85.18
NEWYO044,6013318010869,08/24/2018,3004311801855,541.33,46.33
NEWYO044,6013318010869,08/24/2018,3004311801855,322.61,27.61
NEWYO044,6013318010869,08/24/2018,3004311801855,705.37,60.37
NEWYO044,6013318010869,08/24/2018,3004311801855,322.61,27.61
NEWYO044,6013318010869,08/24/2018,3004311801855,136.70,11.70
NEWYO044,6013318010869,08/24/2018,3004311801855,103.89,8.89
NEWYO044,6013318010869,08/24/2018,3004311801855,1941.14,166.14
NEWYO044,6013318010869,08/24/2018,3004311801855,2181.73,186.73
NEWYO044,6013318010869,08/24/2018,3004311801855,9290.13,795.13
NEWYO044,6013318010869,08/24/2018,3004311801855,431.97,36.97
NEWYO044,6013318010869,08/24/2018,3004311801855,4272.69,365.69
NEWYO044,6013318010869,08/24/2018,3004311801855,1213.47,103.86
NEWYO044,6013318011435,08/31/2018,3004311801855,3214.96,275.16
NEWYO044,6013318011435,08/31/2018,3004311801855,16520.53,1413.97
NEWYO044,6013318010869,08/24/2018,3004311801855,0.00,0.00
NEWYO044,6013318010869,08/24/2018,3004311801855,19875.08,1701.08
NEWYO044,6013318010869,08/24/2018,3004311801855,19875.08,1701.08
NEWYO044,6013318010091,08/05/2018,3004311704195,0.00,0.00
NEWYO044,6013318010602,08/16/2018,3004311803461,0.00,-24.12
NEWYO044,6013318010633,08/15/2018,3004311803461,0.00,-28.62
NEWYO044,6013318010869,08/24/2018,3004311801855,0.00,0.00
NEWYO044,6013318011158,08/29/2018,3004311803461,0.00,-42.99
NEWYO044,6013318011435,08/31/2018,3004311801855,0.00,0.00
NEWYO044,6013318012165,09/24/2018,3004311801855,2380553.51,203748.11
NEWYO044,6013318012165,09/24/2018,3004311801855,9516.85,814.53
NEWYO044,6013318012165,09/24/2018,3004311801855,2453.80,210.02
NEWYO044,6013318011611,09/05/2018,3004311804202,74.38,0.00
NEWYO044,6013318012018,09/19/2018,3004311804412,1200.00,0.00
NEWYO044,6013318012018,09/19/2018,3004311804412,1200.00,0.00
NEWYO044,6013318011929,09/19/2018,3004311803640,718202.35,107730.79
NEWYO044,6013318012718,09/26/2018,3004311704195,477.60,0.00
NEWYO044,6013318012487,09/27/2018,3004311804593,1527.77,409.40
NEWYO044,6013318011806,09/14/2018,3004311705346,3558.21,563.21
NEWYO044,6013318012165,09/24/2018,3004311801855,0.00,0.00
NEWYO044,6013318011611,09/05/2018,3004311804202,2.00,0.00
NEWYO044,6013318011806,09/14/2018,3004311705346,0.00,0.00
NEWYO044,6013318011929,09/19/2018,3004311803640,0.00,0.00
NEWYO044,6013318012018,09/19/2018,3004311804412,18.00,0.00
NEWYO044,6013318012165,09/24/2018,3004311801855,0.00,0.00
NEWYO044,6013318012487,09/27/2018,3004311804593,2.73,0.73
NEWYO044,6013318012718,09/26/2018,3004311704195,0.00,0.00
NEWYO044,6013318013603,10/19/2018,3004311804709,3606.31,321.31
NEWYO044,6013318013369,10/16/2018,3004311804585,310.44,0.00
NEWYO044,6013318012875,10/03/2018,3004311804585,258.70,0.00
NEWYO044,6013318013369,10/16/2018,3004311804585,17.94,0.00
NEWYO044,6013318013369,10/16/2018,3004311804585,1766.96,0.00
NEWYO044,6013318013369,10/16/2018,3004311804585,623.74,0.00
NEWYO044,6013318013724,10/23/2018,3004311801855,13814.00,1182.32
NEWYO044,6013318013724,10/23/2018,3004311801855,55256.00,4729.28
NEWYO044,6013318013724,10/23/2018,3004311801855,12087.25,1034.53
NEWYO044,6013318013724,10/23/2018,3004311801855,48349.00,4138.12
NEWYO044,6013318013724,10/23/2018,3004311801855,12087.25,1034.53
NEWYO044,6013318013724,10/23/2018,3004311801855,48349.00,4138.12
NEWYO044,6013318013724,10/23/2018,3004311801855,186570.83,15968.33
NEWYO044,6013318013724,10/23/2018,3004311801855,194682.60,16662.60
NEWYO044,6013318013724,10/23/2018,3004311801855,8111.78,694.28
NEWYO044,6013318013724,10/23/2018,3004311801855,17267.50,1477.90
NEWYO044,6013318013724,10/23/2018,3004311801855,49432.45,4230.85
NEWYO044,6013318013724,10/23/2018,3004311801855,197729.81,16923.41
NEWYO044,6013318013978,10/30/2018,3004311804835,294.50,0.00
NEWYO044,6013318014050,10/31/2018,3004311804935,375.10,0.00
NEWYO044,6013318012875,10/03/2018,3004311804585,102.70,0.00
NEWYO044,6013318012875,10/03/2018,3004311804585,1264.90,0.00
NEWYO044,6013318013369,10/16/2018,3004311804585,310.44,0.00
NEWYO044,6013318013369,10/16/2018,3004311804585,102.70,0.00
NEWYO044,6013318013369,10/16/2018,3004311804585,37.70,0.00
NEWYO044,6013318013369,10/16/2018,3004311804585,388.44,0.00
NEWYO044,6013318013369,10/16/2018,3004311804585,675.48,0.00
NEWYO044,6013318013369,10/16/2018,3004311804585,1558.96,0.00
NEWYO044,6013318014054,10/31/2018,3004311805201,0.00,-5800.00
NEWYO044,6013318012875,10/03/2018,3004311804585,1170.00,0.00
NEWYO044,6013318013369,10/16/2018,3004311804585,2808.00,0.00
NEWYO044,6013318012875,10/03/2018,3004311804585,353.60,0.00
NEWYO044,6013318013369,10/16/2018,3004311804585,565.50,0.00
NEWYO044,6013318013369,10/16/2018,3004311804585,193.70,0.00
NEWYO044,6013318013369,10/16/2018,3004311804585,90.74,0.00
NEWYO044,6013318013369,10/16/2018,3004311804585,2020.20,0.00
NEWYO044,6013318013369,10/16/2018,3004311804585,1170.00,0.00
NEWYO044,6013318013001,10/08/2018,3004311804707,124282.29,0.00
NEWYO044,6013318014006,10/30/2018,3004311804567,114.14,0.00
NEWYO044,6013318014006,10/30/2018,3004311804567,119.06,0.00
NEWYO044,6013318013724,10/23/2018,3004311801855,0.00,0.00
NEWYO044,6013318012875,10/03/2018,3004311804585,7.94,0.00
NEWYO044,6013318013001,10/08/2018,3004311804707,0.00,0.00
NEWYO044,6013318013369,10/16/2018,3004311804585,69.80,0.00
NEWYO044,6013318013603,10/19/2018,3004311804709,0.00,0.00
NEWYO044,6013318013724,10/23/2018,3004311801855,0.00,0.00
NEWYO044,6013318013978,10/30/2018,3004311804835,15.69,0.00
NEWYO044,6013318014006,10/30/2018,3004311804567,0.00,0.00
NEWYO044,6013318014050,10/31/2018,3004311804935,87.09,0.00
NEWYO044,6013318014054,10/31/2018,3004311805201,0.00,0.00
NEWYO044,6013318014231,11/04/2018,3004311804749,310.00,0.00
NEWYO044,6013318014231,11/04/2018,3004311804749,310.00,0.00
NEWYO044,6013318014231,11/04/2018,3004311804749,31.00,0.00
NEWYO044,6013318014231,11/04/2018,3004311804749,1519.00,0.00
NEWYO044,6013318015182,11/20/2018,3004311704195,477.60,0.00
NEWYO044,6013318014803,11/13/2018,3004311805404,30150.00,16650.00
NEWYO044,6913018002520,11/28/2018,3004311804947,-25409.12,-11459.12
NEWYO044,6013318014129,11/06/2018,3004311803830,32.46,4.05
NEWYO044,6013318014129,11/06/2018,3004311803830,0.00,0.00
NEWYO044,6013318014231,11/04/2018,3004311804749,88.02,0.00
NEWYO044,6013318014803,11/13/2018,3004311805404,0.00,0.00
NEWYO044,6013318015182,11/20/2018,3004311704195,0.00,0.00
NEWYO044,6913018002520,11/28/2018,3004311804947,0.00,0.00